1590 2730
517 132 625 168 EPP.
656 133 731 168 AD
761 133 1010 171 ATTICVM
1288 136 1402 172 XIII.
1424 136 1483 172 vii

154 255 242 290 VII
385 258 451 290 Ser.
469 260 501 288 in
523 260 704 289 Tusculano
719 270 739 290 v
753 260 803 291 Id.
820 261 893 291 Iun.
915 273 945 291 a.
967 272 1023 300 709
1042 265 1119 301 (45).

505 346 671 376 CICERO
699 346 872 376 ATTICO
901 347 1003 378 SAL.

165 430 307 469 Sestius
337 431 440 479 apud
471 444 532 468 me
562 431 631 468 fuit
662 439 699 468 et
729 433 1007 482 Theopompus
1037 434 1168 483 pridie.
1237 436 1398 474 Venisse
1421 441 1466 479 (Ι)

112 507 134 531 a
162 495 324 532 Caesare
350 494 524 532 narrabat
548 494 688 532 litteras
703 509 712 541 ς
741 496 814 532 hoc
845 496 1018 543 scribere,
1041 497 1112 535 sibi
1141 506 1286 535 certum
1317 513 1399 538 esse

16 578 24 583 -
77 567 92 596 5
114 558 262 593 Romae
302 569 454 594 manere
493 570 724 606 causamque
763 571 847 595 eam
886 559 1073 597 ascribere
1111 573 1208 608 quae
1246 569 1323 598 erat
1361 562 1399 599 in

112 621 272 670 epistula
292 628 429 667 nostra,
447 634 495 658 ne
519 634 559 659 se
579 622 737 659 absente
758 624 857 671 leges
885 636 975 661 suae
997 625 1284 672 neglegerentur
1304 625 1400 663 sicut

113 692 211 722 esset
231 686 402 733 neglecta
418 685 651 734 sumptuaria
664 686 737 735 (est
758 689 908 738 εὔλογον
922 687 1039 735 idque
1055 701 1157 725 eram
1174 688 1397 737 suspicatus.

113 749 188 784 Sed
217 747 296 784 istis
322 761 404 785 mos
430 750 617 797 gerendus
644 757 709 794 est,
733 749 804 787 nisi
830 752 954 799 placet
975 752 1074 788 hanc
1101 751 1221 800 ipsam
1251 760 1399 790 senten-

113 811 203 849 tiam
224 825 294 849 nos
313 812 515 861 persequi),
538 821 575 850 et
602 815 807 851 Lentulum
835 828 922 851 cum
951 816 1109 852 Metella
1136 823 1236 853 certe
1265 816 1399 854 fecisse

59 888 95 909 10
113 875 328 913 divortium.
388 878 498 914 Haec
524 877 655 914 omnia
674 885 715 914 tu
736 878 880 915 melius.
940 878 1142 916 Rescribes
1166 879 1277 927 igitur
1297 880 1398 928 quic-

113 939 206 987 quid
227 940 340 985 voles,
359 940 451 976 dum
472 941 589 977 modo
608 941 763 989 aliquid.
814 943 896 978 Iam
918 941 1020 979 enim
1042 955 1119 979 non
1141 943 1286 991 reperio
1307 943 1399 992 quid

113 1009 149 1038 te
176 1002 441 1052 rescripturum
471 1010 612 1052 putem,
635 1003 706 1041 nisi
730 1005 824 1042 forte
850 1006 899 1042 de
922 1007 1087 1043 Mustela
1117 1013 1181 1042 aut
1211 1006 1240 1042 si
1267 1006 1399 1044 Silium

112 1064 259 1103 videris.

154 1207 243 1242 VII
259 1219 282 1242 a
396 1211 462 1243 Ser.
484 1213 516 1242 in
539 1212 718 1243 Tusculano
733 1214 764 1244 iv
778 1213 827 1244 Id.
846 1214 918 1245 Ilm.
940 1225 968 1244 a.
991 1224 1047 1254 709
1065 1216 1144 1254 (455,

58 1300 93 1332 15
506 1298 670 1328 CICERO
698 1299 873 1329 ATTICO
901 1299 1002 1330 SAL.

166 1386 304 1422 Brutus
331 1384 410 1422 heri
437 1385 539 1423 venit
568 1385 605 1422 in
635 1388 896 1424 Tusculanum
926 1394 1011 1435 post
1040 1389 1173 1424 horam
1194 1387 1394 1425 decimam.
1417 1395 1480 1434 (vu
1498 1393 1530 1432 2)

115 1448 246 1486 Hodie
275 1448 386 1498 igitur
414 1463 474 1487 me
494 1450 639 1487 videbit
664 1464 708 1487 ac
731 1452 867 1488 vellem
897 1458 978 1487 tum
1008 1458 1048 1488 tu
1077 1452 1240 1489 adesses.
1300 1451 1397 1488 Iussi

113 1512 291 1561 equidem
323 1513 357 1551 ei
390 1514 553 1551 nuntiari
587 1522 633 1560 te,
665 1516 792 1562 quoad
824 1515 1021 1563 potuisses,
1051 1523 1288 1563 exspectasse
1319 1516 1398 1553 eius

113 1578 319 1614 adventum
349 1585 626 1626 venturumque
656 1578 685 1615 si
718 1578 888 1616 audisses
923 1592 1071 1627 meque,
1105 1586 1145 1615 ut
1175 1579 1284 1619 facio.
1313 1592 1400 1616 con-

57 1656 96 1676 20
113 1635 220 1677 tinuo
240 1648 277 1678 te
298 1641 496 1678 certiorem
518 1654 599 1679 esse
619 1643 816 1679 facturum.

153 1786 267 1820 VIII
385 1788 450 1820 Ser.
469 1789 501 1819 in
522 1788 701 1819 Tusculano
717 1790 750 1818 vi
763 1789 808 1819 Id.
829 1789 902 1820 Iun.
922 1799 950 1819 a.
974 1799 1029 1829 709
1048 1789 1125 1830 (45l.

506 1875 669 1905 CICERO
699 1874 875 1904 ATTICO
903 1874 1004 1905 SAL.

166 1964 283 1999 Plane
308 1961 402 1999 nihil
431 1969 510 1999 erat
533 1963 637 2010 quod
663 1964 712 1999 ad
739 1970 775 1999 te
805 1962 1035 2007 scriberemg
1064 1962 1181 1998 modo
1202 1960 1303 1998 enim
1330 1960 1402 1998 dis-

114 2038 278 2063 cesseras
317 2034 353 2062 et
392 2027 505 2074 paulo
543 2033 628 2074 post
666 2025 821 2074 triplicis
855 2025 1060 2062 remiseras.
1129 2025 1255 2062 Velim
1293 2037 1400 2061 cures

58 2102 94 2131 25
115 2089 336 2126 fasciculum
362 2090 411 2126 ad
432 2089 649 2126 Vestorium
679 2090 929 2126 deferendum
958 2096 995 2125 et
1022 2087 1164 2137 aliquoi
1193 2090 1260 2125 des
1290 2100 1397 2136 nego-

115 2152 209 2189 tium
225 2152 290 2201 qui
303 2160 469 2201 quaerat.
518 2154 564 2200 Q.
581 2152 727 2190 Staberi
748 2154 888 2189 fundus
902 2165 994 2189 num
1011 2151 1094 2200 quis
1108 2151 1146 2188 in
1164 2151 1402 2200 Pompeiano

161 2266 171 2284 1
182 2265 194 2283 1
219 2254 341 2293 aliquid
358 2253 470 2284 Lamb.
488 2265 494 2283 z
520 2254 640 2292 nequid
654 2254 709 2283 M:
735 2254 812 2292 quid
829 2253 937 2282 Basta
1022 2254 1106 2291 quod
1123 2253 1247 2282 Ernesti
1366 2262 1402 2281 12

114 2298 177 2326 nisi
194 2300 282 2328 veih:
304 2297 331 2326 si
348 2297 388 2325 M
462 2297 488 2326 si
504 2296 539 2326 I:
564 2307 626 2326 om.
646 2295 685 2324 M
797 2306 832 2333 17
860 2296 942 2325 Iussi
961 2289 1145 2325 CZIORP:
1170 2295 1233 2325 nisi
1250 2295 1309 2324 M:
1334 2295 1403 2325 misi

114 2349 131 2368 s
149 2339 232 2370 Crat.
320 2341 359 2368 26
382 2339 494 2369 stateri
513 2338 573 2379 [vel
587 2338 714 2377 staleri)
732 2338 792 2368 M:
818 2338 943 2368 Faberii
960 2338 1045 2377 vulg.

1256 2390 1315 2420 29*
