1590 2730
502 142 610 177 EPP.
641 142 716 177 AD
747 142 999 179 ATTICVM
1303 143 1395 179 XII.
1413 142 1489 178 xix

109 249 204 287 biles
217 249 297 287 fieri
308 257 469 298 possunt
482 249 521 286 in
533 249 681 286 infinita
696 249 925 297 posteritate,
941 250 971 286 si
985 252 1102 287 modo
1117 253 1211 287 haec
1227 251 1392 296 stabunt,

108 311 202 350 illud
236 313 344 361 quasi
378 319 643 349 consecratum
678 325 873 349 remanere
906 312 1034 360 possit.
1094 313 1284 361 Equidem
1318 313 1392 349 iam

107 374 202 412 nihil
239 388 332 423 egeo
363 375 610 424 vectigalibus
644 382 680 411 et
714 388 829 422 parvo
867 383 1070 412 contentus
1104 388 1185 412 esse
1222 388 1389 423 possum.

108 438 246 486 Cogito
283 438 476 475 interdum
514 445 617 474 trans
649 437 820 474 Tiberim
855 439 984 474 hortos
1017 438 1164 486 aliquos
1198 451 1326 486 parare
1354 445 1392 475 et

70 516 87 547 5
106 500 264 549 quidem
290 501 342 538 ob
368 502 466 538 hanc
495 488 649 537 causam
680 499 866 537 maxime:
897 500 990 536 nihil
1020 501 1122 537 enim
1147 500 1260 538 video
1286 502 1391 549 quod

106 570 183 600 tam
212 564 361 601 celebre
389 576 471 600 esse
501 562 630 612 possit.
690 563 765 599 Sed
796 576 903 610 quos,
932 576 1059 600 coram
1088 563 1315 609 videbimus,
1341 563 1392 600 ita

105 633 234 662 tamen
254 633 294 662 ut
314 627 385 663 hac
404 633 547 662 aestate
567 627 697 662 fanum
718 626 937 662 absolutum
959 625 1014 662 sit.
1073 627 1133 662 Tu
1154 632 1281 662 tamen
1303 639 1389 663 cum

105 690 241 737 Apella
261 688 360 727 Chio
380 690 527 726 confice
546 690 595 726 de
615 688 814 725 columnis.

159 754 219 789 De
235 752 401 789 Cocceio
422 759 459 789 et
474 752 624 789 Libone
637 765 735 800 quae
756 752 887 789 scribis
907 753 1091 801 approbo,
1107 752 1270 790 maxime
1286 754 1391 801 quod
1413 759 1437 787 2

49 827 88 849 10
106 815 154 851 de
174 814 342 852 iudicatu
369 828 465 852 meo.
526 817 585 852 De
609 828 752 864 sponsu
777 815 806 851 si
834 815 926 863 quid
953 816 1185 864 perspexeris
1205 824 1242 853 et
1262 823 1390 853 tamen

104 878 197 926 quid
217 885 478 926 procuratores
495 878 676 916 Cornifici
697 878 826 915 dicant
838 878 951 915 velim
972 878 1077 924 scire,
1099 879 1150 916 ita
1169 887 1210 916 ut
1230 879 1268 916 in
1289 892 1332 916 ea
1351 892 1390 917 re

104 948 151 986 te,
166 953 253 977 cum
274 948 351 978 tam
371 948 580 989 occupatus
596 941 657 987 sis,
673 954 751 978 non
772 943 933 978 multum
951 954 1088 990 operae
1102 942 1214 979 velim
1235 955 1387 991 ponere.

104 1005 164 1040 De
187 1003 359 1040 Antonio
384 1004 526 1041 Balbus
554 1017 708 1052 quoque
733 1005 783 1041 ad
813 1017 874 1041 me
900 1018 988 1041 cum
1010 1004 1139 1053 Oppio
1166 1005 1390 1054 conscripsit

102 1066 219 1115 idque
244 1066 312 1104 tibi
341 1067 528 1115 placuisse
553 1080 602 1104 ne
627 1068 874 1115 perturbarer.
934 1067 1013 1104 Illis
1042 1067 1100 1115 egi
1129 1068 1274 1116 gratias.
1332 1070 1389 1106 Te

46 1141 83 1173 15
103 1138 242 1176 tamen,
263 1138 304 1168 ut
324 1130 399 1167 iam
427 1138 515 1168 ante
540 1133 589 1168 ad
616 1138 652 1168 te
679 1130 821 1178 scripsi,
844 1131 938 1167 scire
958 1132 1046 1168 volo
1076 1144 1137 1168 me
1166 1144 1291 1179 neque
1317 1131 1389 1168 isto

102 1193 237 1231 nuntio
274 1207 356 1231 esse
395 1194 656 1243 perturbatum
696 1207 767 1231 nec
805 1194 879 1230 iam
919 1196 997 1231 ullo
1035 1195 1295 1242 perturbatum
1334 1194 1386 1230 iri.

103 1259 226 1294 Pansa
253 1257 284 1293 si
312 1256 438 1302 hodie,
460 1264 502 1294 ut
531 1258 702 1306 putabas,
732 1258 924 1305 profectus
956 1265 1022 1302 est,
1045 1258 1205 1305 posthac
1233 1256 1307 1293 iam
1337 1257 1389 1293 in-
1409 1265 1432 1300 3

101 1319 217 1368 cipito
246 1320 408 1357 scribere
433 1321 483 1357 ad
510 1333 571 1357 me
598 1321 646 1357 de
669 1320 774 1356 Bruti
803 1321 971 1357 adventu
999 1320 1091 1367 quid
1121 1327 1326 1368 exspectes,
1350 1320 1388 1356 id

101 1389 156 1419 est
177 1397 272 1431 quos
292 1385 341 1420 ad
361 1383 453 1420 dies.
514 1384 570 1428 Id,
593 1383 623 1419 si
644 1383 739 1420 scies
760 1383 825 1420 ubi
853 1383 927 1420 iam
955 1383 1012 1428 sit,
1036 1382 1143 1419 facile
1170 1383 1387 1420 coniectura

44 1458 83 1481 20
99 1447 320 1494 adsequere.

153 1509 269 1555 Quod
302 1510 353 1546 ad
382 1508 565 1546 Tironem
599 1510 648 1546 de
677 1509 857 1546 Terentia
891 1509 1033 1554 scribis,
1063 1510 1222 1546 obsecro
1255 1517 1302 1555 te,
1334 1509 1384 1546 mi
1403 1520 1430 1558 4

100 1571 235 1617 Attice,
269 1571 418 1619 suscipe
456 1579 579 1609 totum
617 1572 823 1620 negotium.
892 1572 1011 1609 Vides
1049 1579 1085 1609 et
1123 1572 1289 1609 officium
1326 1572 1386 1621 agi

100 1647 227 1671 meum
248 1636 445 1682 quoddam
473 1635 532 1671 cui
554 1642 593 1672 tu
615 1648 654 1672 es
679 1636 855 1672 conscius
877 1643 924 1680 et,
948 1643 989 1672 ut
1016 1648 1093 1672 non
1120 1635 1212 1671 nulli
1239 1643 1384 1683 putant,

100 1697 296 1735 Ciceronis
325 1711 413 1735 rem.
474 1700 540 1734 Me
570 1698 726 1746 quidem
758 1698 795 1735 id
827 1700 947 1735 multo
977 1698 1095 1746 magis
1126 1706 1251 1735 movet
1281 1699 1386 1746 quod

42 1772 78 1803 25
100 1760 192 1797 mihi
208 1767 264 1798 est
279 1767 316 1798 et
332 1761 498 1798 sanctius
514 1769 551 1798 et
565 1761 770 1810 antiquius,
787 1762 1006 1810 praesertim
1024 1775 1110 1798 cum
1132 1763 1205 1799 hoc
1225 1763 1383 1799 alterum

99 1837 222 1872 neque
243 1823 431 1862 sincerum
452 1837 577 1872 neque
598 1826 747 1861 firmum
770 1832 900 1873 putem
922 1826 1011 1861 fore.

137 1966 221 2000 XX
422 1970 490 2000 Scr.
510 1970 653 2000 Asturae
669 1970 716 2000 ld.
736 1971 832 2002 Mart.
853 1982 880 2003 a.
902 1981 958 2010 709
978 1972 1057 2012 (Μ).

482 2056 648 2087 CICERO
676 2057 855 2088 ATTICO
884 2058 986 2088 SAL.

147 2143 333 2180 Nondum
353 2142 491 2180 videris
511 2143 725 2191 perspicere
745 2157 859 2192 quam
887 2158 948 2182 me
972 2158 1043 2182 nec
1063 2143 1255 2181 Antonius
1280 2156 1380 2181 com-
1400 2154 1416 2179 1

41 2221 78 2251 30
95 2205 254 2243 moverit
285 2219 356 2243 nec
384 2206 590 2254 quicquam
621 2206 695 2243 iam
725 2207 805 2244 eius
836 2208 940 2245 modi
974 2208 1093 2256 possit
1124 2219 1377 2245 commovere.

138 2316 175 2336 10
200 2306 249 2336 De
265 2316 389 2345 sponsu
407 2306 526 2336 Rosius
540 2318 546 2337 :
571 2317 766 2346 responsum
783 2308 840 2339 M:
867 2310 916 2339 De
932 2310 1115 2348 sponsione
1132 2308 1279 2339 Schmidt
1346 2313 1377 2337 et

93 2349 218 2388 tamen]
236 2348 331 2378 etiam
347 2348 496 2378 Sclzmt'dt
585 2360 620 2388 13
646 2350 765 2380 Balbus
784 2362 914 2389 quoquc
933 2352 1017 2382 (rat.
1038 2364 1043 2382 :
1068 2361 1197 2390 quoque
1211 2350 1331 2410 Balbus
1343 2349 1379 2378 M

135 2401 194 2421 erc.
214 2401 259 2420 AD
275 2400 346 2421 Αττ.
1255 2404 1288 2421 -ι
