1590 2730
50 121 164 156 XIII.
187 120 274 165 xiii,
293 120 367 154 xiv
554 120 607 154 M.
639 119 800 154 TVLLI
832 118 1128 156 CICERONIS

196 233 325 263 tamen
356 227 474 262 multa
504 227 682 263 detracta.
750 227 811 262 Tu
843 233 971 262 autem
1003 225 1095 262 mihi
1128 223 1309 273 pervelim
1340 222 1480 261 scribas

197 290 261 338 qui
294 289 519 327 intellexeris
550 289 654 326 illum
688 290 809 335 velle3
847 289 940 326 illud
970 302 1057 326 vero
1087 287 1217 336 utique
1246 287 1339 324 scire
1368 286 1481 335 cupio

197 366 311 400 quem
345 352 570 390 intellexeris
603 353 652 389 ab
683 365 729 389 eo
762 352 1043 400 ζηλοτυπεῖσθαι
1077 351 1148 388 nisi
1179 353 1274 388 forte
1308 352 1479 387 Brutum.

199 417 245 452 Id
262 417 386 453 hercle
400 417 563 453 restabat
581 419 585 452 !
624 417 700 453 Sed
716 423 845 453 tamen
862 415 957 453 scire
973 415 1164 464 pervelim.
1206 413 1310 451 Libri
1326 412 1481 462 quidem

198 478 248 515 ita
268 478 448 525 exierunt,
471 478 541 515 nisi
566 480 660 516 forte
690 492 751 516 me
781 478 996 516 communis
1018 479 1190 526 φιλαυτία
1208 476 1360 525 decipit,
1383 483 1423 513 ut
1443 475 1482 512 in
1503 489 1520 519 5

198 541 259 578 tali
288 555 424 590 genere
444 555 491 578 ne
511 543 613 590 apud
635 544 800 579 Graecos
822 541 977 590 quidem
998 541 1118 579 simile
1139 540 1354 589 quicquam.
1420 540 1481 575 Tu

198 604 298 641 illam
328 604 509 641 iacturam
530 606 623 641 feres
643 617 767 653 aequo
787 604 916 642 animo
945 606 1049 653 quod
1070 604 1133 641 illa
1152 616 1249 652 quae
1277 603 1395 639 habes
1418 599 1481 652 [de

198 666 455 718 Academicis]
473 669 606 704 frustra
626 668 816 716 descripta
836 676 933 704 sunt.
977 670 1103 704 Multo
1119 675 1247 704 tamen
1262 667 1356 702 haec
1372 672 1481 701 erunt

156 739 179 765 2
198 730 466 778 splendidiora,
490 730 670 776 breviora,
689 731 854 767 meliora.
899 732 1013 767 Nunc
1033 738 1160 767 autem
1182 732 1301 777 ἀπορῶ
1321 741 1398 776 quo
1418 740 1480 764 me

196 801 348 830 vertam.
406 795 506 831 Volo
540 794 761 830 Dolabellae
791 795 901 831 valde
931 793 1187 831 desideranti:
1224 804 1301 828 non
1334 789 1480 838 reperio
1501 803 1538 825 10

196 856 298 905 quid,
332 864 368 894 et
401 856 512 893 simul
546 857 729 905 ίαἰδέομαι
758 859 901 905 Τρῶας’
932 870 1068 904 neque,
1102 856 1132 893 si
1161 854 1316 903 aliquid,
1348 860 1480 902 potero

196 921 331 968 μέμψιν
359 920 531 967 effugere.
589 921 667 956 Aut
696 921 925 957 cessandum
945 918 1056 967 igitur
1075 925 1140 954 aut
1165 916 1309 965 aliquid
1338 914 1483 963 excogi-

198 984 367 1020 tandum.
425 983 500 1019 Sed
521 981 613 1030 quid
634 983 727 1019 haec
747 981 843 1019 levia
862 983 1068 1018 curamus?

155 1050 179 1085 3
250 1045 377 1082 Attica
397 1058 490 1089 mea,
514 1045 673 1081 obsecro
698 1052 744 1089 te,
767 1044 860 1093 quid
881 1044 986 1092 agit?
1024 1045 1133 1090 Quae
1157 1056 1219 1080 me
1237 1043 1347 1079 valde
1366 1040 1479 1089 angit.

199 1109 274 1145 Sed
304 1108 436 1145 crebro
456 1115 606 1156 regusto
627 1115 709 1144 tuas
730 1107 870 1144 litteras
888 1121 897 1153 3
926 1107 963 1143 in
985 1106 1042 1143 his
1061 1106 1275 1155 acquiesco.
1332 1106 1480 1141 Tamen
1502 1118 1537 1149 15

200 1178 378 1219 exspecto
399 1184 525 1208 novas.

156 1243 181 1278 4
254 1233 385 1270 Brinni
419 1234 574 1270 libertus
613 1235 768 1270 coheres
807 1241 934 1270 noster
962 1233 1109 1281 scripsit
1141 1234 1189 1269 ad
1228 1244 1289 1268 me
1317 1232 1423 1275 velle,
1454 1229 1484 1266 si

62 1294 132 1323 mv
150 1286 180 1325 Ι)
200 1296 292 1333 mihi
330 1299 503 1345 placeret,
535 1298 742 1334 coheredes
779 1310 818 1334 se
856 1305 892 1333 et
930 1296 1114 1334 Sabinum
1152 1295 1308 1332 Albium
1345 1294 1393 1330 ad
1423 1306 1484 1330 me

197 1360 333 1397 venire.
394 1361 439 1397 Id
466 1373 536 1408 ego
562 1362 674 1408 plane
700 1361 800 1397 nolo.
860 1359 1064 1396 Hereditas
1088 1358 1181 1395 tanti
1206 1371 1283 1394 non
1309 1364 1375 1394 est.
1435 1357 1484 1392 Et

196 1431 324 1460 tamen
338 1423 443 1460 obire
456 1423 642 1460 auctionis
658 1422 760 1460 diem
774 1422 882 1460 facile
898 1429 1076 1471 poterunt
1091 1422 1164 1472 (est
1175 1421 1277 1459 enim
1292 1433 1336 1457 111
1359 1419 1480 1467 Idus),
1504 1433 1542 1454 20

197 1487 226 1524 si
265 1500 325 1523 me
363 1487 400 1523 in
438 1487 659 1523 Tusculano
696 1486 878 1534 postridie
911 1487 1046 1522 Nonas
1079 1498 1191 1522 mane
1224 1482 1480 1521 convenerint.

199 1549 364 1597 Quodsi
382 1549 499 1586 laxius
515 1551 643 1586 volent
663 1550 828 1596 proferre
849 1548 962 1594 diem,
978 1556 1156 1596 poterunt
1171 1549 1229 1589 vel
1251 1546 1409 1584 biduum
1424 1546 1482 1582 vel

198 1613 364 1650 triduum
386 1614 443 1649 vel
465 1620 503 1648 ut
524 1611 737 1652 videbitur:
768 1611 860 1648 nihil
888 1611 988 1648 enim
1014 1611 1177 1649 interest.
1237 1612 1324 1657 Qua
1347 1623 1385 1647 re
1411 1608 1482 1645 nisi

55 1689 127 1717 μιν
143 1679 176 1718 2)
198 1675 271 1712 iam
288 1675 446 1724 profecti
459 1683 556 1721 sunt,
572 1675 751 1712 retinebis
765 1675 950 1712 homines.
984 1677 1043 1712 De
1060 1677 1187 1719 Bruto,
1204 1673 1233 1711 si
1251 1673 1342 1721 quid
1355 1671 1481 1720 egerit,

197 1740 245 1776 de
267 1740 438 1784 Caesare,
461 1738 491 1776 si
511 1738 603 1787 quid
624 1738 730 1784 scies,
753 1738 782 1775 si
804 1738 896 1786 quid
916 1738 984 1775 erit
1004 1746 1196 1787 praeterea
1220 1736 1370 1774 scribes.
1503 1749 1539 1780 25

237 1842 353 1883 XIV,
372 1841 453 1874 XV
499 1843 566 1875 Ser.
586 1845 618 1874 in
635 1844 792 1883 Arpinati
807 1855 824 1874 v
834 1845 876 1875 K.
893 1845 1000 1882 Quint.
1020 1854 1048 1874 a.
1065 1853 1121 1882 709
1139 1843 1216 1883 (45).

592 1919 759 1949 CICERO
787 1919 962 1949 ATTICO
990 1917 1092 1948 SAL.

96 1989 179 2040 1(2)
252 1992 353 2027 Illud
382 1990 495 2028 ctiam
524 1997 638 2039 atque
667 1990 780 2027 etiam
809 1989 1027 2027 consideres
1046 1989 1170 2034 velim,
1192 1990 1389 2037 placeatne
1415 1985 1483 2024 tibi

198 2054 294 2091 mitti
320 2056 369 2092 ad
389 2056 598 2091 Varronem
620 2055 724 2102 quod
751 2053 978 2102 scripsimus.
1036 2051 1118 2090 Etsi
1143 2051 1256 2090 etiam
1285 2052 1333 2088 ad
1360 2058 1396 2087 te
1421 2049 1484 2086 ali-

241 2165 267 2192 7.
281 2156 299 2183 8
323 2156 363 2185 de
381 2154 588 2184 Academicis
598 2154 653 2184 del.
667 2153 750 2183 Reid
763 2157 798 2182 ut
812 2164 850 2182 cx
865 2153 1052 2192 maigt‘uez'n
1064 2155 1184 2182 textum
1196 2152 1309 2181 inserta
1378 2160 1424 2188 17,
1444 2150 1482 2178 18

199 2203 326 2227 noster.
342 2221 348 2227 .
364 2220 369 2227 .
384 2196 594 2227 coheredesl
605 2195 688 2226 Crat.
706 2207 713 2225 ε
729 2206 791 2225 om.
807 2195 892 2225 codd.
972 2196 1009 2224 18
1022 2205 1057 2224 se
1068 2199 1101 2224 et
1119 2193 1267 2223 Vrsinus:
1286 2193 1343 2222 sed
1354 2192 1480 2222 ICrat.:

198 2240 242 2269 ait
266 2241 353 2278 (corr.
374 2250 411 2269 ex
427 2242 472 2278 et)
492 2238 549 2267 M:
574 2238 676 2267 locum
699 2238 742 2267 ita
764 2237 844 2267 dant
864 2237 930 2268 edd.
950 2238 1122 2267 recentiores
1143 2236 1278 2265 libertus
1301 2235 1482 2265 coheredes

198 2283 240 2311 ait
258 2286 290 2311 et
308 2282 462 2311 Sabinum
616 2290 657 2309 20
680 2280 769 2309 obire
786 2279 843 2308 M:
868 2290 987 2310 novare
1007 2279 1033 2309 C
1179 2288 1219 2316 24
1244 2277 1349 2315 egerit
1367 2276 1482 2306 Orelli:

199 2324 260 2352 erit
277 2322 360 2353 codd.
492 2332 531 2359 25
556 2322 581 2352 si
597 2322 674 2360 quid
693 2322 754 2351 erit
773 2317 940 2351 OERCZb
953 2332 1008 2351 vs.
1027 2332 1033 2350 :
1058 2331 1120 2350 om.
1142 2325 1168 2349 Δ
