1590 2730
101 169 166 205 IX.
186 167 243 202 xii
551 166 604 201 M.
635 164 796 201 TVLLI
827 162 1122 201 CICERONIS

192 273 363 319 vivimus,
385 281 421 311 et
442 280 514 310 stat
534 273 622 309 urbs
642 271 722 317 ista,
745 277 934 319 praetores
961 269 1018 307 ius
1037 269 1180 316 dicunt,
1202 268 1344 306 aediles
1363 269 1476 306 ludos

192 344 334 385 parant,
357 335 423 373 viri
445 335 536 374 boni
557 348 687 373 usuras
707 334 954 383 perscribunt,
978 346 1048 381 ego
1068 333 1148 381 ipse
1168 332 1307 369 sedeo!
1348 332 1476 369 Coner

192 398 280 436 illuc
306 399 358 436 ire
382 406 421 436 ut
447 399 611 443 insanus,
635 398 833 446 implorare
861 398 975 433 fidem
998 394 1320 443 municipiorum?
1376 393 1475 431 Boni

191 475 270 499 non
308 469 522 510 sequentur,
556 463 655 498 leves
688 460 916 505 inridebunt,
950 472 1073 496 rerum
1111 470 1294 495 novarum
1332 456 1473 505 cupidi,

149 532 176 570 4
192 524 352 561 victores
372 524 589 573 praesertim
611 531 647 560 et
666 522 809 567 armati,
832 522 906 558 vim
927 528 964 558 et
984 534 1118 558 manus
1138 522 1319 557 adferent.
1369 519 1475 566 Quid
1495 531 1511 561 5

193 600 325 624 censes
356 586 494 635 igitur?
522 586 751 634 ecquidnam
786 592 841 622 est
870 584 922 621 tui
953 584 1086 621 consili
1121 584 1216 621 ·lad†
1247 582 1332 619 finis
1363 582 1474 619 huius

195 650 424 687 miserrimae
444 650 570 686 vitae?
627 651 740 686 Nunc
767 649 890 693 doleo,
914 660 1015 684 nunc
1043 654 1230 695 torqueor,
1253 659 1341 683 cum
1370 645 1475 694 quoi-

193 715 280 750 dam
306 721 369 749 aut
390 712 538 761 sapiens
558 712 688 749 videor
708 713 812 760 quod
832 724 909 748 una
928 724 1004 747 non
1025 710 1130 747 ierim
1157 717 1220 746 aut
1240 709 1327 746 felix
1347 708 1471 746 fuisse.

195 775 291 812 Mihi
323 783 463 812 contra.
522 776 742 822 Numquam
773 773 873 811 enim
905 773 1003 809 illius
1029 772 1207 810 victoriae
1236 772 1361 809 socius
1392 784 1474 809 esse

193 839 303 884 volui,
327 838 548 875 calamitatis
578 839 728 874 mallem
760 837 883 874 fuisse.
942 836 1046 883 Quid
1073 849 1143 884 ego
1174 849 1276 873 nunc
1306 843 1389 872 tuas
1420 835 1475 872 lit-
1496 848 1533 869 10

193 910 300 947 teras,
322 901 414 949 quid
441 908 544 938 tuam
565 900 806 949 prudentiam
826 907 890 937 aut
920 899 1224 937 benevolentiam
1245 899 1475 947 implorem?

193 966 332 1001 Actum
353 971 408 1001 est
425 978 431 1007 ;
460 965 562 1000 nulla
588 976 626 1000 re
652 963 726 1000 iam
746 975 902 1011 possum
930 962 1046 999 iuvari
1065 961 1130 1010 qui
1151 975 1198 999 ne
1218 963 1323 1010 quod
1344 969 1473 1009 optem

191 1026 346 1074 quidem
385 1026 459 1063 iam
501 1026 626 1063 habeo
673 1025 744 1063 nisi
785 1033 825 1064 ut
861 1025 988 1074 aliqua
1025 1024 1168 1062 inimici
1217 1024 1474 1062 misericordia

192 1088 403 1126 liberemur.

234 1271 347 1307 XIII
466 1273 531 1305 Scr.
550 1274 583 1304 in
600 1274 775 1304 Formiano
790 1274 824 1304 ix
839 1273 880 1304 K.
899 1274 979 1314 Apr.
1000 1285 1028 1305 a.
1051 1284 1104 1314 705
1120 1274 1206 1315 (49).
1498 1287 1532 1318 15

594 1375 759 1407 CICERO
780 1376 954 1408 ATTICO
976 1377 1077 1407 SAL.

165 1481 181 1508 1
252 1466 327 1501 Οὐκ
355 1462 428 1501 ἔστ’
454 1463 577 1511 ἔτυμος
605 1464 722 1514 λόγος,
752 1470 792 1500 ut
817 1463 961 1512 opinor,
994 1464 1054 1502 ille
1083 1466 1131 1502 de
1159 1465 1311 1503 ratibus.
1370 1465 1475 1513 Quid

196 1527 297 1565 enim
318 1534 415 1564 esset
435 1528 540 1575 quod
562 1527 763 1564 Dolabella
788 1526 831 1563 iis
858 1526 987 1564 litteris
1009 1541 1103 1577 quas
1128 1541 1172 1565 111
1199 1531 1292 1567 Idus
1318 1529 1475 1566 Martias

192 1603 215 1628 a
242 1590 444 1627 Brundisio
476 1589 582 1628 dedit
609 1591 707 1627 hanc
737 1590 844 1638 quasi
872 1594 1057 1641 εὐημερίαν
1081 1592 1253 1631 Caesaris
1283 1593 1471 1638 scriberet,

194 1653 419 1702 Pompeium
448 1653 486 1689 in
509 1654 596 1701 fuga
622 1666 703 1690 esse
723 1667 888 1702 eumque
908 1654 1030 1703 primo
1050 1664 1164 1694 vento
1185 1656 1475 1705 navigaturum?
1494 1669 1534 1690 20

194 1717 310 1763 Quod
330 1717 440 1753 valde
460 1715 648 1764 discrepat
668 1716 716 1753 ab
737 1716 780 1753 iis
801 1717 970 1765 epistulis
991 1732 1150 1767 quarum
1172 1721 1344 1768 exempla
1363 1727 1475 1757 antea

193 1780 241 1816 ad
264 1787 298 1816 te
319 1778 412 1816 misi.
472 1779 549 1815 Hic
570 1778 725 1827 quidem
753 1792 855 1816 mera
881 1782 1022 1818 scelera
1042 1783 1271 1830 loquuntur;
1300 1783 1367 1820 sed
1396 1795 1474 1820 non

194 1849 272 1880 erat
308 1855 379 1879 nec
416 1841 601 1879 recentior
632 1849 763 1879 auctor
800 1856 871 1880 nec
911 1844 1022 1881 huius
1060 1844 1215 1893 quidem
1253 1845 1304 1882 rei
1342 1845 1475 1883 melior

196 1906 405 1942 Dolabella.

153 1975 178 2003 2
245 1969 348 2005 Tuas
376 1979 418 2005 XI
450 1970 498 2006 K.
519 1969 650 2017 accepi
678 1969 817 2007 litteras
843 1970 982 2019 quibus
1008 1971 1137 2008 omnia
1161 1971 1319 2009 consilia
1346 1972 1473 2010 differs
1494 1987 1530 2019 25

193 2029 231 2066 in
258 2029 295 2067 id
320 2037 468 2079 tempus
492 2044 579 2068 cum
605 2031 799 2069 scierimus
828 2033 919 2080 quid
948 2040 1076 2070 actum
1105 2033 1161 2070 sit.
1219 2035 1268 2070 Et
1296 2041 1397 2071 certe
1422 2033 1473 2071 ita

192 2099 258 2138 est,
291 2105 361 2129 nec
399 2093 547 2130 interim
586 2101 711 2142 potest
744 2095 950 2144 quicquam
988 2109 1066 2133 non
1105 2098 1222 2134 modo
1254 2097 1367 2134 statui
1405 2099 1472 2135 sed

233 2204 250 2230 4
274 2197 453 2230 sequentur
469 2192 523 2222 M:
549 2199 792 2232 consequentur
809 2195 836 2225 C
963 2197 984 2225 6
1007 2195 1062 2235 ad]
1081 2197 1134 2234 qui
1150 2196 1200 2226 vel
1212 2207 1296 2235 quae
1306 2196 1470 2229 Schmidt:

190 2244 230 2263 an
258 2234 406 2264 Starker:
440 2240 474 2264 ut
500 2237 574 2265 coni.
600 2236 735 2266 Mt‘iller:
769 2238 862 2266 adest
888 2237 971 2267 Reid
1104 2239 1178 2269 finis
1203 2238 1274 2268 M1:
1309 2240 1406 2269 finem
1428 2240 1477 2270 FI

190 2276 275 2315 vulg.
409 2287 426 2315 7
449 2278 602 2315 quoidam
628 2278 724 2308 Klotz
747 2279 819 2317 (sed
837 2280 864 2308 is
887 2280 1048 2319 cuidam):
1083 2281 1213 2318 quidam
1231 2280 1305 2311 M¹=
1338 2282 1469 2319 quidem

189 2317 264 2347 M2:
298 2318 490 2356 quibusdam
521 2319 594 2350 Vict.
750 2331 789 2350 10
812 2321 943 2351 fuissem
960 2322 1069 2351 Baiter
1221 2325 1259 2353 18
1281 2329 1369 2353 esset
1391 2325 1467 2354 coni.

195 2359 220 2388 Π
235 2360 394 2398 esenlmg:
418 2365 468 2390 est
486 2360 525 2389 M
654 2371 691 2398 19
713 2364 803 2405 quasi
822 2364 907 2402 εὐημ.
929 2365 1094 2405 L(marg.)
1110 2375 1117 2394 ε
1140 2365 1224 2407 εὐημ.
1241 2366 1333 2407 quasi
1351 2365 1437 2398 codd.
