1590 2730
50 937 85 957 10

45 1564 83 1584 20

496 123 605 160 EPP.
636 124 711 160 AD
740 124 991 161 ATTICVM
1266 127 1381 163 XIII.
1399 126 1489 179 xxii

105 227 216 274 illam,
239 242 288 266 ne
307 230 467 266 salutem
488 229 654 277 quidem.
712 231 763 266 At
782 237 822 266 tu
843 238 879 266 et
906 230 956 267 illi
983 238 1019 267 et
1041 231 1157 268 Piliae
1177 233 1388 280 plurimam,

104 304 175 327 nec
196 304 256 327 me
279 298 406 328 tamen
432 290 539 328 irasci
566 291 752 328 indicaris.
811 292 1024 340 Epistulam
1045 294 1216 331 Caesaris
1243 294 1338 340 misi,
1360 293 1391 331 si

104 352 229 389 minus
249 352 410 401 legisses.

159 491 314 525 XXIII
358 494 425 526 Ser.
445 496 476 525 in
497 495 674 526 Tusculano
690 496 783 527 vt'Id.
804 497 913 535 Quint.
932 508 960 528 a.
981 508 1037 537 709
1056 498 1136 538 (45).

496 581 661 610 CICERO
690 582 865 611 ATTICO
894 582 995 613 SAL.

156 666 476 704 Antexneridianis
507 667 579 703 tuis
613 667 743 704 litteris
781 668 860 705 heri
894 668 1019 705 statim
1050 669 1245 718 rescripsi3
1287 684 1389 707 nunc
1409 680 1425 706 Ι

103 731 317 779 respondeo
342 729 573 777 vespertinis.
632 733 769 767 Brutus
798 733 950 768 mallem
981 744 1041 768 me
1069 740 1282 770 arcesseret.
1342 736 1390 770 Et

103 792 260 841 aequius
286 799 373 837 erat,
396 804 484 828 cum
510 791 561 828 illi
588 792 656 829 iter
679 792 833 830 instaret
859 801 895 830 et
920 794 1087 831 subitum
1109 802 1145 832 et
1166 796 1332 844 longum,
1354 804 1391 834 et

104 868 165 892 me
194 856 346 892 hercule
375 868 486 900 nunc,
510 868 597 892 cum
628 855 679 892 ita
709 855 826 892 simus
855 856 995 893 adfecti
1025 864 1065 893 ut
1095 870 1172 894 non
1202 858 1391 906 possimus

104 920 215 966 plane
235 917 347 954 simul
367 916 490 954 vivere
511 917 712 967 (intellegis
736 919 837 955 enim
868 920 1038 967 profecto
1065 920 1102 956 in
1132 932 1208 968 quo
1229 921 1391 958 maxime

103 981 226 1029 posita
249 981 295 1018 sit
321 980 551 1029 συμβίωσις),
575 981 683 1018 facile
707 982 876 1030 patiebar
899 995 968 1019 nos
994 983 1120 1030 potius
1142 985 1289 1021 Romae
1316 998 1391 1021 una

103 1057 184 1081 esse
204 1058 317 1092 quarn
339 1044 377 1081 in
397 1046 626 1081 Tusculano.

156 1107 259 1145 Libri
278 1109 326 1145 ad
342 1110 551 1145 Varronem
574 1122 651 1144 non
673 1109 926 1154 morabantur,
945 1117 1032 1146 sunt
1052 1110 1153 1146 enirn
1175 1111 1384 1157 ·ldeffecti†‚
1406 1122 1431 1149 2

102 1178 143 1208 ut
163 1170 312 1216 vidisti3
340 1178 486 1207 tantum
509 1171 743 1207 librariorum
765 1173 905 1208 menda
925 1174 1115 1209 tolluntur.
1175 1176 1234 1210 De
1250 1174 1388 1222 quibus

103 1233 205 1271 libris
235 1233 306 1271 scis
336 1248 396 1271 me
426 1233 630 1279 dubitasse,
655 1235 721 1271 sed
751 1242 790 1271 tu
819 1234 966 1271 videris.
1026 1237 1124 1272 Item
1148 1249 1243 1284 quos
1272 1239 1389 1274 Bruto

103 1297 285 1334 mittimus
306 1297 344 1334 in
364 1297 540 1334 manibus
560 1297 702 1334 habent
722 1296 870 1333 librarii.

155 1362 245 1397 Mea
278 1362 467 1406 mandata,
498 1367 538 1398 ut
573 1359 714 1405 scribis,
748 1359 902 1408 explica.
961 1362 1206 1410 Quamquam
1238 1362 1308 1399 ista
1336 1376 1388 1400 re-
1407 1376 1430 1412 3

101 1424 272 1462 tentione
306 1425 430 1462 omnis
468 1424 518 1461 ait
553 1424 607 1461 uti
646 1423 873 1469 Trebatius3
914 1424 1005 1472 quid
1044 1432 1083 1461 tu
1122 1425 1211 1462 istos
1250 1428 1388 1474 putas?

103 1487 213 1524 Nosti
235 1489 404 1525 domum.
465 1489 552 1535 Qua
582 1501 620 1524 re
650 1488 798 1524 confice
827 1487 1021 1538 εὐαγώγως.
1078 1488 1308 1525 Incredibile
1332 1495 1388 1525 est

102 1564 216 1599 quarn
237 1564 307 1599 ego
328 1551 397 1588 ista
416 1565 494 1588 non
515 1564 654 1588 curem.
697 1549 812 1587 Omni
830 1550 898 1586 tibi
913 1550 1199 1587 adseveratione
1215 1552 1385 1597 adfirmo,

101 1615 206 1661 quod
233 1614 325 1651 mihi
351 1617 482 1652 credas
510 1615 632 1660 velim,
657 1614 748 1650 mihi
780 1613 911 1651 maiori
939 1613 1139 1650 offensioni
1166 1626 1247 1650 esse
1273 1626 1388 1662 quam

101 1677 343 1715 delectationi
373 1679 696 1727 possessiunculas
728 1690 841 1714 meas.
902 1677 1025 1725 Magis
1055 1676 1155 1713 enim
1186 1678 1299 1713 doleo
1328 1690 1389 1714 me

101 1752 178 1775 non
216 1741 355 1778 habere
394 1742 484 1790 quoi
524 1743 669 1778 tradam
709 1754 823 1788 quam
864 1740 1003 1776 habere
1040 1739 1106 1787 qui
1142 1746 1225 1776 utar
1260 1741 1385 1776 laetor.

99 1804 228 1851 Atque
261 1803 354 1842 illud
382 1805 584 1842 Trebatius
617 1818 656 1841 se
686 1803 754 1840 tibi
786 1803 924 1840 dixisse
955 1802 1152 1848 narrabat3
1192 1810 1231 1839 tu
1260 1809 1386 1839 autem

100 1865 238 1903 veritus
258 1880 297 1904 es
317 1869 474 1905 fortasse
495 1881 542 1904 ne
563 1880 633 1915 ego
658 1866 796 1903 invitus
824 1865 1005 1902 audirem,
1066 1865 1151 1902 Fuit
1171 1864 1210 1902 id
1231 1865 1385 1913 quidem

100 1929 354 1976 humanitatis,
382 1931 459 1975 sed,
489 1930 581 1967 mihi
611 1931 732 1974 crede,
762 1929 836 1966 iam
868 1928 936 1965 ista
967 1941 1044 1965 non
1073 1941 1174 1965 curo.
1233 1930 1320 1975 Qua
1349 1941 1387 1964 re

143 2040 158 2067 7
183 2034 254 2059 aule
271 2035 302 2060 ct
319 2030 391 2060 add.
413 2041 488 2060 nam
505 2034 570 2060 vell.
667 2041 702 2059 10
728 2031 757 2059 in
784 2041 810 2059 v.
830 2041 844 2058 c
870 2029 896 2057 L
917 2029 1053 2067 inungas>
1078 2028 1173 2057 ORP
1189 2028 1272 2057 Crat.
1291 2038 1297 2056 ε
1320 2038 1383 2057 0711.

100 2071 139 2100 M
258 2083 294 2110 13
318 2073 527 2102 morabuntur
548 2073 711 2102 anues'tls
799 2072 928 2101 dell'ecti
947 2070 997 2099 M¹
1016 2082 1022 2100 :
1049 2071 1154 2099 effecti
1172 2070 1286 2109 Ivztlg.
1304 2082 1310 2099 ε
1334 2071 1387 2099 de·

99 2115 180 2143 texti
193 2115 269 2145 coni.
283 2114 416 2145 Lamb.:
437 2115 590 2144 defaecati
607 2114 737 2152 Moomjv
749 2115 812 2144 coll.
824 2113 933 2143 Sidon.
948 2114 1025 2152 Epp.
1040 2113 1060 2142 i.
1079 2123 1102 2142 r.
1116 2124 1134 2150 4
1151 2112 1383 2150 :f01†.1⁴esecti,

97 2156 132 2193 (ll
154 2157 216 2187 xvi.
231 2166 259 2194 3.
276 2167 288 2186 1
406 2168 442 2195 19
467 2158 633 2187 dominum
653 2156 828 2194 Rez'(1'‚fin’l.
850 2159 921 2185 recte
1011 2155 1083 2192 Qua
1101 2165 1134 2183 re
1153 2155 1257 2183 Laml)
1283 2165 1289 2183 ε
1314 2155 1386 2191 Qua

99 2197 139 2226 M
255 2198 418 2238 εὐσγὼγως
448 2199 586 2229 Bassus:
622 2202 775 2227 E'rArssc
802 2198 884 2228 codd.
904 2209 910 2227 :
946 2197 1082 2228 εὐλαβῶς
1104 2207 1131 2226 v.
1152 2208 1173 2226 f.
1193 2196 1220 2224 L
1249 2200 1384 2235 (margi

98 2250 137 2277 23
161 2244 231 2269 ante
244 2242 378 2270 alterum
397 2241 517 2270 habere
534 2240 606 2271 add.
622 2242 750 2278 gaudeo
767 2240 951 2274 Gronovsns,
966 2238 1037 2268 add.
1053 2249 1117 2267 non
1130 2237 1276 2267 Sclmn'rlt
1290 2250 1295 2267 :
1319 2249 1384 2276 quo

99 2291 163 2311 non
182 2287 253 2311 utar
270 2283 350 2312 Reid
446 2283 550 2312 laetor
566 2283 639 2313 add.
657 2282 774 2312 [Δια-ΠΜ).

138 2355 198 2376 cxc.
218 2356 263 2376 AD
280 2356 348 2376 Λττ.
1261 2347 1299 2375 30
