1590 2730
528 144 636 179 EPP.
669 143 743 178 Al)
773 141 1023 179 ATTICVM
1383 140 1447 176 IX.
1471 137 1499 173 ii

121 266 167 290 ex
186 251 346 301 epistula
371 263 486 301 quam
507 256 684 299 exspecto
708 249 933 299 perspiciam
953 247 1046 298 quid
1066 247 1206 286 sentias
1231 255 1296 285 aut
1314 248 1405 286 alias

119 316 188 353 abs
208 322 244 353 te
264 314 404 353 litteras
423 313 582 352 eliciam.
640 312 844 350 Brundisio
864 311 1053 350 nihildum
1074 319 1152 349 erat
1170 313 1351 349 adlatum.

163 433 210 467 ῙῙ
221 446 241 466 a
377 434 445 464 Scr.
464 434 497 464 in
513 433 688 464 Formiano
703 433 759 463 viii
773 432 820 463 Id.
840 431 937 464 Mart.
955 442 983 463 a.
1003 442 1056 472 705
1073 433 1158 472 (49).

515 525 682 556 CICERO
704 525 736 554 A
747 524 880 555 TTICO
902 523 1006 555 SAL.

84 611 101 642 5
173 598 208 635 O
229 610 307 635 rem
328 595 521 634 difficilem
547 597 736 644 planeque
756 595 942 644 perditam
963 598 969 632 !
999 607 1113 643 quam
1135 594 1228 631 nihil
1248 601 1406 644 praeter·
1426 607 1442 633 1

121 660 238 698 mittis
258 660 296 697 in
316 659 476 698 consilio
497 660 650 705 dand03
679 671 794 707 quarn
824 658 917 695 nihil
947 666 1074 696 tamen
1104 660 1209 707 quod
1239 658 1306 696 tibi
1336 658 1404 707 ipsi

121 725 268 772 placeat
287 723 474 772 explicas!
530 724 620 760 Non
649 735 731 760 esse
760 735 821 759 me
847 735 923 759 una
951 735 1038 759 cum
1060 722 1245 770 Pompeio
1264 723 1406 770 gaudes

121 800 165 824 ac
193 786 374 836 proponis
407 799 523 835 quarn
557 785 603 822 sit
634 792 742 834 turpe
772 798 832 822 me
863 786 997 822 adesse
1026 798 1113 822 cum
1143 785 1236 834 quid
1264 786 1313 823 de
1342 785 1406 822 illo

121 851 362 895 detrahatur3
395 851 499 887 nefas
533 862 615 887 esse
647 849 867 898 approbare.
927 850 1063 895 Certe3
1102 856 1234 886 contra
1266 848 1407 898 igitur?

69 913 218 950 10‘Di'
248 913 373 962 inquis
410 913 726 951 ‘averruncentl'
782 911 887 960 Quid
920 925 1009 961 ergo
1046 913 1109 950 fiet
1147 912 1177 949 si
1214 912 1253 949 in
1289 913 1407 950 altero

121 977 244 1014 scelus
281 983 348 1022 est,
387 976 426 1013 in
469 977 587 1014 altero
630 975 889 1024 supplicium?
963 975 1237 1024 ‘Impetrabis'
1281 974 1406 1023 inquis

124 1042 166 1076 ‘a
179 1041 341 1078 Caesare
357 1046 398 1077 ut
413 1039 481 1076 tibi
494 1039 628 1076 abesse
643 1038 753 1076 liceat
767 1046 803 1076 et
817 1051 899 1076 esse
915 1037 1062 1076 otioso.’
1104 1038 1405 1087 Supplicandum

121 1102 260 1152 igitur?
316 1102 510 1140 Miserum.
569 1102 674 1150 Quid
708 1101 738 1138 si
767 1115 845 1139 non
874 1101 1107 1150 impetraro?
1163 1103 1234 1138 ‘Et
1267 1103 1316 1139 de
1348 1101 1407 1138 tri-

122 1167 267 1214 umpho
288 1166 377 1204 erit'
397 1165 523 1214 inquis
547 1164 777 1214 ‘integrunm'
834 1164 940 1212 Quid
966 1164 995 1201 si
1025 1165 1098 1201 hoc
1127 1164 1210 1213 ipso
1230 1166 1408 1213 premar?

68 1242 101 1272 15
121 1229 350 1278 Accipiam?
400 1228 505 1276 Quid
525 1228 702 1265 foedius?
752 1229 928 1276 Negem?
979 1227 1186 1276 Repudiari
1212 1241 1251 1265 se
1272 1235 1407 1274 totum,

123 1292 240 1341 magis
270 1292 383 1330 etiam
418 1305 532 1341 quam
565 1291 656 1328 olim
691 1291 729 1327 in
761 1290 950 1336 xxviratu‚
983 1290 1141 1339 putabit.
1212 1293 1270 1328 Ac
1299 1293 1405 1337 solet,

121 1369 208 1393 cum
238 1369 278 1393 se
307 1362 451 1404 purgat,
472 1355 510 1391 in
539 1368 600 1393 me
629 1355 800 1392 conferre
828 1367 983 1391 omnem
1013 1353 1161 1391 illorum
1192 1362 1406 1403 temporum

121 1421 283 1469 culpam.
342 1421 401 1457 Ita
421 1432 482 1456 me
502 1418 573 1456 sibi
588 1418 702 1456 fuisse
716 1417 912 1455 inimicum
929 1426 969 1455 ut
986 1431 1033 1455 ne
1049 1419 1233 1456 honorem
1250 1418 1406 1467 quidem

121 1496 143 1520 a
163 1496 202 1520 se
221 1482 392 1531 accipere
412 1484 558 1520 vellem.
609 1483 765 1530 Quanto
786 1495 888 1519 nunc
908 1483 982 1519 hoc
1003 1481 1103 1519 idem
1124 1482 1284 1531 accipiet
1303 1496 1406 1531 aspe-

66 1562 104 1584 20
122 1546 220 1584 rius!
275 1548 401 1584 Tanto
422 1546 566 1584 scilicet
592 1553 737 1595 quanto
766 1553 803 1583 et
831 1547 955 1583 honos
984 1545 1045 1582 hie
1073 1545 1137 1583 illo
1163 1554 1219 1583 est
1247 1546 1408 1595 amplior

121 1618 158 1648 et
178 1610 258 1659 ipse
278 1610 476 1648 robustior.
534 1611 634 1647 Nam
655 1611 760 1659 quod
781 1622 894 1658 negas
915 1616 951 1646 te
971 1609 1145 1647 dubitare
1165 1610 1256 1658 quin
1271 1623 1407 1659 magna
1424 1622 1447 1649 2

122 1673 160 1710 in
194 1675 337 1711 offensa
369 1674 439 1711 sini
472 1675 575 1722 apud
609 1674 836 1722 Pompeium
870 1675 943 1711 hoc
976 1680 1157 1721 tempore,
1183 1687 1261 1711 non
1294 1674 1407 1712 video

121 1750 274 1775 causam
296 1750 361 1774 cur
380 1737 431 1774 ita
451 1737 497 1774 sit
518 1739 590 1775 hoc
611 1737 766 1786 quidem
795 1746 974 1786 tempore.
1034 1736 1110 1784 Qui
1139 1738 1240 1775 enim
1267 1738 1407 1776 amisso

123 1801 293 1838 Corfinio
313 1800 479 1849 denique
500 1801 697 1838 certiorem
726 1814 786 1838 nie
812 1801 869 1838 sui
896 1800 1029 1838 consili
1057 1800 1154 1846 fecit,
1177 1800 1206 1837 is
1231 1810 1408 1850 queretur

66 1877 104 1908 25
124 1862 368 1900 Brundisium
399 1877 459 1900 me
488 1877 565 1900 non
592 1863 740 1901 venisse
766 1877 853 1900 cum
880 1864 976 1901 inter
1005 1877 1065 1900 nie
1095 1871 1131 1901 et
1162 1864 1406 1901 Brundisium

123 1927 262 1964 Caesar
285 1928 414 1963 esset?
471 1926 622 1964 Deinde
645 1926 758 1964 etiam
784 1927 853 1964 scit
874 1928 1171 1976 ἀπαρρησίαστον
1191 1939 1272 1965 6556
1299 1927 1337 1964 in
1363 1941 1407 1965 ea

121 2002 235 2026 causa
263 1991 455 2038 querelam
484 2003 602 2027 suam.
662 1992 728 2028 Me
759 1998 864 2039 putat
891 1993 939 2028 de
970 1991 1263 2040 municipiorum
1290 1991 1406 2029 imbe-

120 2052 284 2098 cillitate,
317 2054 366 2090 de
398 2052 610 2098 dilectibus,
644 2055 692 2091 de
726 2067 828 2102 pace,
862 2056 910 2092 de
942 2055 1043 2099 urbe,
1078 2056 1126 2092 de
1153 2054 1325 2104 pecunia,
1357 2057 1406 2092 de

121 2116 264 2155 Piceno
283 2118 510 2165 occupando
536 2118 620 2165 plus
640 2117 779 2155 vidisse
799 2131 913 2166 quam
935 2131 984 2155 se.
1043 2117 1107 2155 Sin
1134 2131 1221 2155 curn
1246 2126 1406 2167 potuero

63 2192 103 2222 30
121 2193 199 2217 non
219 2193 368 2227 venero,
399 2187 478 2217 tum
506 2180 574 2218 erit
597 2180 784 2227 inimicus,
807 2182 911 2229 quod
939 2194 1008 2229 ego
1039 2194 1114 2218 non
1142 2194 1188 2219 eo
1208 2194 1338 2219 vereor
1359 2194 1406 2218 ne

121 2242 212 2279 mihi
233 2250 369 2280 noceat
390 2242 497 2292 (quid
518 2242 619 2281 enim
640 2243 783 2281 faciet?

162 2327 202 2347 20
225 2318 331 2347 honos
361 2317 546 2357 Wesenberg,
575 2318 610 2356 cf.
637 2318 725 2348 Neue
751 2317 1007 2348 ‘Formenlehre'
1031 2319 1050 2349 i.
1076 2319 1154 2357 169:
1190 2319 1296 2349 honor
1318 2319 1405 2350 codd.

119 2368 160 2397 30
184 2364 251 2389 tum
269 2360 323 2389 M:
350 2360 418 2390 iure
435 2361 509 2390 coni.
527 2359 608 2390 Boot
625 2371 631 2390 z
654 2365 721 2390 tum
740 2361 856 2390 merito
873 2360 959 2390 Koclz
1307 2404 1323 2422 *

1266 2405 1303 2434 19
