1590 2730
549 119 658 154 EPP.
690 118 765 153 AD
794 117 1046 154 ATTICVM
1315 116 1429 152 XIII.
1452 125 1482 151 x

192 264 232 297 X
275 266 341 298 Ser.
361 268 393 297 in
414 266 595 297 Tusculano
611 267 691 297 inter
703 277 732 297 α.
752 267 781 297 d.
800 268 860 296 xiii
872 271 900 296 et
913 267 948 296 xi
959 267 1000 297 K.
1022 266 1130 305 Quint.
1149 277 1177 298 a.
1199 277 1254 306 709
1273 266 1350 306 (45).

543 341 709 373 CICERO
737 341 911 371 ATTICO
941 340 1043 371 SAL.

204 418 366 456 Minime
397 417 511 455 miror
532 426 576 469 vte
605 425 641 455 et
664 416 823 465 graviter
851 417 944 453 ferre
973 417 1021 453 de
1052 417 1235 453 Marcello
1264 423 1300 452 et
1328 416 1436 463 plura
1453 426 1469 451 1

149 481 266 519 vereri
286 480 452 530 pericula
470 493 617 529 genera.
675 479 771 527 Quis
801 478 903 516 enim
923 480 997 516 hoc
1018 478 1165 516 timeret
1186 479 1291 526 quod
1311 491 1436 525 neque

115 552 131 583 5
149 544 339 582 acciderat
357 551 469 581 antea
494 556 566 580 nec
585 543 785 580 videbatur
808 549 942 578 natura
962 543 1054 578 ferre
1083 548 1124 578 ut
1152 540 1324 578 accidere
1354 554 1435 589 pos-

149 609 236 645 set?
291 606 433 645 Omnia
452 606 562 654 igitur
582 606 798 643 metuenda.
857 605 932 642 Sed
952 604 1045 642 illud
1064 606 1162 653 παρὰ
1179 605 1245 651 τὴν
1265 605 1434 653 ἱστορίαν,

149 678 190 708 tu
218 669 448 719 praesertim,
481 682 542 706 me
570 668 757 717 reliquum
787 669 1036 705 consularem.
1096 667 1231 715 Quid?
1259 667 1328 704 tibi
1358 669 1438 705 Ser-

148 732 230 770 vius
267 732 361 781 quid
398 731 576 770 videtur?
631 733 876 779 Quamquam
915 732 988 768 hoc
1027 732 1169 767 nullam
1207 732 1256 768 ad
1291 738 1435 779 partem

148 798 246 833 valet
275 795 428 841 scilicet,
460 794 553 832 mihi
582 794 801 844 praesertim
831 794 895 842 qui
919 807 997 832 non
1024 793 1150 831 minus
1181 794 1280 831 bene
1308 801 1436 831 actum

93 870 131 893 10
150 872 238 896 cum
270 858 341 896 illis
372 865 514 906 putem.
583 856 689 905 Quid
720 857 821 894 enim
857 870 986 894 sumus
1019 864 1084 894 aut
1115 856 1208 905 quid
1241 870 1323 894 esse
1354 870 1438 905 pos-

149 924 310 960 sumus?
338 921 472 959 domin
496 934 543 958 an
573 920 690 958 foris?
745 921 863 968 Quod
891 919 962 956 nisi
992 920 1084 956 mihi
1113 921 1187 957 hoc
1207 920 1372 957 venisset
1398 920 1436 957 in

149 993 317 1022 mentem
348 984 511 1022 scribere
541 984 612 1021 ista
641 984 770 1021 nescio
805 996 912 1032 quae,
946 996 1022 1032 quo
1055 990 1239 1021 verterem
1268 997 1328 1021 me
1358 996 1436 1021 non

148 1049 338 1086 haberem.

200 1113 262 1149 Ad
294 1112 545 1157 Dolabellam,
571 1119 611 1148 ut
635 1110 780 1156 scribis,
804 1110 854 1147 ita
879 1118 973 1159 puto
1003 1110 1231 1156 faciendum,
1255 1112 1433 1159 κοινότερα
1452 1122 1476 1150 2

94 1184 128 1215 15
148 1176 337 1224 quaedam
368 1182 406 1212 et
437 1175 702 1223 πολιτικώτερα.
776 1174 1010 1211 Faciendum
1044 1182 1144 1211 certe
1174 1174 1319 1223 aliquid
1353 1182 1434 1219 est;

147 1239 257 1275 valde
287 1237 389 1275 enim
420 1237 620 1275 desiderat.
679 1239 818 1274 Brutus
856 1236 885 1273 si
924 1236 1016 1284 quid
1050 1236 1177 1286 egerit,
1208 1237 1357 1274 curabis
1395 1244 1478 1282 ut3

148 1300 263 1338 sciam
283 1315 290 1346 ;
330 1300 390 1338 cui
429 1300 585 1349 quidem
617 1313 731 1348 quam
766 1299 930 1348 primum
967 1301 1159 1347 agendum
1197 1307 1301 1348 puto,
1335 1313 1434 1348 prae-

147 1364 274 1401 sertim
306 1364 335 1401 si
369 1363 507 1401 statuit.
576 1364 867 1400 Sermunculum
899 1362 1000 1399 enim
1032 1376 1186 1399 omnem
1215 1370 1280 1400 aut
1309 1363 1437 1400 restin-

146 1426 239 1464 xerit
266 1435 331 1464 aut
357 1426 505 1465 sedarit.
563 1428 658 1465 Sunt
682 1425 782 1463 enim
813 1425 877 1474 qui
904 1426 1108 1474 loquantur
1127 1425 1240 1463 etiam
1271 1439 1432 1463 mecum.

91 1503 128 1524 20
148 1491 223 1527 Sed
243 1491 337 1528 haec
358 1490 438 1539 ipse
459 1490 616 1539 optime,
638 1489 857 1538 praesertim
879 1488 908 1525 si
930 1488 1043 1526 etiam
1064 1496 1190 1525 tecum
1212 1490 1396 1537 loquetur.

201 1553 299 1590 Mihi
333 1562 388 1591 est
419 1554 457 1590 in
490 1553 619 1591 animo
653 1552 840 1601 proficisci
872 1564 913 1589 XI
951 1553 1035 1589 Kal.
1095 1552 1172 1589 Hic
1205 1552 1307 1589 enim
1342 1553 1434 1590 nihil

146 1617 270 1654 habeo
292 1619 396 1666 quod
422 1630 542 1667 agam,
566 1631 613 1655 ne
641 1618 793 1654 hercule
814 1616 889 1653 illic
918 1615 1072 1664 quidem
1094 1629 1165 1652 nec
1185 1629 1345 1664 usquam
1367 1617 1434 1653 sed

146 1687 274 1717 tamen
306 1680 450 1730 aliquid
484 1680 568 1718 illic.
629 1680 761 1718 Hodie
800 1679 1041 1728 Spintherem
1080 1686 1268 1728 exspecto.
1328 1679 1434 1716 Misit

146 1743 248 1780 enim
279 1745 416 1781 Brutus
444 1745 494 1781 ad
523 1757 594 1781 me.
654 1745 724 1780 Per
743 1743 884 1780 litteras
911 1750 1043 1791 purgat
1073 1743 1276 1780 Caesarem
1305 1744 1353 1780 de
1382 1742 1435 1779 in-

91 1817 126 1847 25
146 1805 256 1843 teritu
287 1806 486 1853 Marcelli3
524 1807 563 1845 in
593 1820 707 1855 quem
736 1820 783 1843 ne
814 1806 843 1843 si
875 1805 1020 1843 insidiis
1050 1805 1206 1854 quidem
1236 1805 1297 1843 ille
1326 1805 1435 1843 inter-

145 1870 265 1907 fectus
303 1877 401 1907 esset
439 1871 591 1907 caderet
628 1871 704 1906 ulla
741 1869 916 1918 suspicio.
986 1871 1101 1906 Nunc
1134 1882 1223 1906 vero
1261 1882 1348 1906 cum
1386 1870 1435 1907 de

147 1932 277 1981 Magio
303 1940 462 1979 constet,
493 1946 622 1970 nonne
646 1934 748 1970 furor
774 1932 854 1969 eius
878 1945 1031 1969 causam
1059 1945 1214 1969 omnem
1244 1931 1435 1970 sustinet?

147 1997 263 2033 Plane
294 1995 387 2044 quid
418 1995 464 2032 sit
494 2009 573 2033 non
603 1995 791 2043 intellego.
851 1994 1082 2043 Explanabis
1113 1994 1233 2044 igitur.
1292 1997 1435 2043 Quam-

145 2071 260 2106 quam
280 2058 375 2095 nihil
395 2059 520 2096 habeo
540 2059 645 2107 quod
666 2058 839 2096 dubitem
861 2058 931 2095 nisi
952 2057 1023 2106 ipsi
1054 2058 1185 2107 Magio
1205 2071 1302 2107 quae
1323 2058 1433 2096 fuerit

188 2168 205 2196 7
229 2169 329 2188 unum
345 2163 417 2189 ante
431 2170 482 2189 me
499 2154 608 2188 addere
623 2158 691 2188 vult
709 2158 892 2198 ll'esenberg
971 2168 1008 2188 10
1032 2168 1104 2188 esse
1121 2169 1183 2188 om.
1204 2158 1312 2188 *Moser
1396 2169 1429 2188 11

146 2201 254 2230 domin
273 2200 331 2230 M:
355 2202 484 2231 domine
500 2199 551 2230 Μ2
648 2202 686 2230 16
708 2202 812 2239 egerit
830 2204 852 2230 Σ
868 2212 897 2230 v.
915 2211 937 2231 c.
958 2200 987 2229 Z
1000 2201 1080 2231 Ant.
1100 2201 1163 2232 FI:
1189 2211 1252 2232 om.
1272 2206 1299 2231 Δ
1390 2211 1430 2239 23

144 2243 264 2281 aliquid
282 2243 365 2273 Crat.
377 2254 404 2273 v.
418 2254 440 2273 c.
455 2244 482 2273 L
501 2244 633 2283 (marg.)
653 2241 696 2272 Zb
712 2255 718 2273 t
741 2254 806 2274 om.
824 2246 876 2273 ΣΔ
964 2243 1052 2272 Misit
1069 2244 1155 2272 enirn
1173 2243 1212 2273 ad
1230 2253 1290 2272 me.
1311 2244 1431 2274 Brutus

144 2295 202 2323 per
217 2286 292 2315 com'.
307 2285 387 2315 Boot
471 2295 510 2322 24
535 2286 638 2324 enim]
655 2285 753 2314 etiam
770 2284 845 2315 com'.
866 2283 964 2314 Orelli
