1590 2730
0 84 4 85 ,
0 0 22 61 ,ΜΠ

521 138 630 173 ΕΡΡ.
660 139 736 173 AD
765 139 1015 175 ATTICVM
1381 142 1450 177 XI.

131 250 234 282 terea
252 243 452 290 videbitur,
474 243 589 281 etiam
610 245 768 281 Servilio
797 246 1025 291 conscribas,
1049 255 1089 283 ut
1118 247 1186 284 tibi
1215 248 1410 293 videbitur,

130 320 217 344 meo
236 307 403 345 nomine.
461 308 579 354 Quod
606 314 711 344 tanto
740 307 936 345 intervallo
960 308 1053 345 nihil
1083 310 1240 347 omnino
1268 312 1316 347 ad
1345 324 1411 348 vos

129 369 270 418 scripsi,
292 369 350 407 his
369 368 499 406 litteris
519 370 691 417 profecto
715 369 901 418 intellegis
924 384 1002 407 rem
1027 371 1119 407 mihi
1139 373 1248 408 desse
1269 373 1316 409 de
1336 386 1411 421 qua

129 431 305 478 scribam,
325 445 403 469 non
422 433 668 469 voluntatem.

91 503 109 534 5
181 495 297 541 Quod
317 495 365 531 de
385 494 540 531 Vatinio
569 494 728 542 quaeris,
751 508 875 544 neque
904 495 1002 533 illius
1031 510 1155 545 neque
1184 497 1406 546 cuiusquam
1425 508 1450 543 4

128 555 221 593 mihi
249 565 441 605 praeterea
468 556 635 594 officium
669 559 806 603 desset,
835 558 865 595 si
896 558 1056 607 reperire
1085 568 1239 607 possent
1268 573 1343 608 qua
1371 560 1408 596 in

126 631 165 655 re
194 631 255 656 me
284 619 464 656 iuvarent.
523 619 690 666 Quintus
719 620 957 657 aversissimo
990 634 1011 657 a
1044 634 1105 658 me
1133 621 1261 658 animo
1291 622 1409 659 Patris

126 681 205 718 fuit.
264 683 413 719 Eodem
435 683 601 730 Corcyra
620 682 718 720 filius
739 682 851 720 venit.
911 684 1008 721 Inde
1028 685 1217 732 profectos
1247 697 1312 721 eos
1335 697 1410 721 una

126 757 215 781 cum
235 744 368 782 ceteris
387 745 556 783 arbitror.

72 861 108 882 ¹0
158 851 233 885 'VI
436 855 504 885 διν.
520 854 722 885 Brundssiz‘v
738 855 780 885 K.
801 855 873 885 Dec.
890 866 920 886 α.
941 858 998 894 706
1018 857 1099 897 (48).

391 938 560 968 CICERO
583 937 750 968 ATTICO
775 938 982 968 SALVTEM
1010 939 1140 969 DICIT.

176 1013 387 1052 Sollicitum
408 1027 490 1050 esse
517 1021 552 1050 te
579 1027 666 1050 cum
693 1014 741 1051 de
770 1013 843 1050 tuis
872 1014 1219 1062 communibusque
1248 1014 1405 1052 fortunis
1425 1027 1441 1052 1

124 1085 204 1114 tum
226 1077 389 1113 maxime
409 1077 457 1114 de
478 1090 538 1113 me
557 1089 601 1113 ac
622 1077 669 1114 de
693 1077 825 1114 dolore
846 1089 932 1113 meo
953 1076 1085 1114 sentio.
1144 1076 1220 1124 Qui
1250 1077 1405 1125 quidem

124 1154 230 1177 meus
269 1141 378 1178 dolor
416 1153 493 1177 non
532 1141 649 1177 modo
686 1153 764 1176 non
802 1139 984 1176 minuitur
1021 1152 1108 1176 cum
1147 1139 1293 1177 socium
1336 1139 1405 1176 sibi

67 1212 103 1243 15
122 1202 293 1251 adiungit
322 1204 493 1240 dolorem
524 1210 631 1240 tuum
665 1203 732 1239 sed
763 1201 877 1239 etiam
910 1210 1076 1251 augetur.
1135 1202 1305 1239 Omnino
1338 1216 1406 1251 pro

122 1274 185 1303 tua
205 1266 406 1315 prudentia
427 1266 542 1303 sentis
563 1279 638 1314 qua
653 1265 915 1303 consolatione
935 1265 1046 1303 levari
1068 1265 1230 1302 maxime
1250 1266 1402 1314 possim.

122 1332 264 1369 Probas
285 1331 386 1368 enim
414 1345 542 1368 meum
563 1330 763 1368 consilium
784 1343 976 1379 negasque
997 1330 1089 1366 mihi
1109 1330 1312 1378 quicquam
1340 1332 1403 1368 tali

121 1402 291 1443 tempore
319 1394 445 1443 potius
474 1394 691 1432 faciendum
715 1394 839 1431 fuisse.
897 1393 1020 1431 Addis
1044 1393 1157 1430 etiam
1185 1392 1305 1443 (quod
1334 1394 1402 1431 etsi

121 1456 213 1494 mihi
232 1457 350 1495 levius
374 1466 430 1495 est
457 1471 571 1506 quarn
602 1465 708 1494 tuum
739 1456 933 1502 iudicium,
956 1464 1084 1494 tamen
1114 1469 1191 1494 non
1220 1464 1276 1494 est
1304 1458 1401 1506 leve)

65 1533 100 1554 20
119 1520 251 1558 ceteris
271 1534 435 1569 quoque,
458 1521 497 1558 id
523 1529 579 1558 est
609 1520 673 1569 qui
697 1521 848 1568 pondus
869 1520 1045 1566 habeant,
1068 1521 1208 1557 factum
1230 1528 1399 1558 nostrum

117 1582 278 1632 probari.
354 1585 400 1621 Id
438 1583 468 1620 si
506 1583 557 1620 ita
593 1591 776 1632 putarem,
812 1583 930 1621 levius
967 1584 1146 1621 dolerem.
1235 1584 1441 1622 ‘Crede’2

117 1645 242 1695 inquis
276 1647 413 1684 ‘mihi.’
497 1648 624 1685 Credo
671 1647 851 1695 equidem
893 1647 960 1684 sed
998 1646 1077 1684 scio
1114 1659 1228 1695 quam
1270 1647 1400 1696 cupias

118 1709 237 1746 minui
263 1710 434 1748 dolorem
459 1723 598 1747 meum.
657 1712 724 1747 Me
744 1709 962 1748 discessisse
981 1710 1030 1747 ab
1049 1709 1161 1747 armis
1190 1723 1399 1759 numquam

117 1773 312 1822 paenituit.
369 1775 494 1811 Tanta
515 1781 591 1811 erat
613 1773 650 1810 in
674 1773 746 1810 illis
767 1773 978 1819 crudelitas,
1002 1780 1105 1810 tanta
1125 1786 1212 1810 cum
1234 1773 1398 1811 barbaris

62 1848 98 1878 25
117 1837 292 1885 gentibus
313 1837 533 1875 coniunctio
562 1845 602 1874 ut
629 1851 706 1875 non
733 1837 959 1874 nominatim
988 1838 1055 1874 sed
1083 1836 1289 1885 generatim
1318 1850 1399 1886 pro-

117 1899 270 1948 scriptio
290 1907 388 1937 esset
408 1900 620 1946 informata,
641 1908 681 1936 ut
702 1899 774 1936 iam
797 1900 968 1937 omnium
990 1899 1130 1936 iudicio
1150 1899 1398 1936 constitutum

115 1969 214 1999 esset
242 1962 414 2000 omnium
443 1971 608 2000 vestrum
638 1963 740 2000 bona
765 1964 945 2011 praedam
973 1976 1054 2000 esse
1082 1962 1179 1999 illius
1209 1962 1395 2001 victoriae.

117 2026 337 2062 ‘Vestrum’
379 2027 492 2074 plane
529 2025 640 2072 dico,
681 2039 891 2074 numquam
930 2025 1030 2063 enim
1065 2026 1113 2062 de
1150 2033 1186 2062 te
1215 2025 1297 2073 ipso
1326 2024 1397 2062 nisi

114 2088 373 2126 crudelissime
404 2089 609 2138 cogitatum
643 2096 709 2126 est.
779 2090 866 2135 Qua
897 2102 934 2125 re
967 2087 1170 2125 voluntatis
1200 2101 1260 2125 me
1289 2101 1396 2126 meae

160 2198 171 2217 1
198 2189 359 2219 videbitur
375 2213 382 2220 .
399 2213 405 2220 .
420 2213 426 2219 .
447 2194 482 2219 ut
500 2199 562 2219 om.
582 2189 623 2218 W
757 2199 776 2226 3
799 2189 927 2227 scripsi,
948 2189 998 2217 his
1026 2187 1231 2227 Wesenbmg:
1263 2189 1395 2226 scriptis
1424 2199 1430 2204 ·

119 2230 163 2259 W
173 2231 277 2262 codd:
304 2232 427 2270 scripti,
450 2233 501 2261 his
525 2231 627 2261 Reid:
660 2231 786 2270 scripsi,
810 2231 861 2260 his
886 2231 979 2260 lectis
1005 2230 1122 2259 Gurlz'lt
1222 2230 1395 2268 intelleges

117 2272 298 2312 Wsenberg
382 2284 398 2311 7
422 2274 629 2304 acerbissimo
650 2273 694 2301 IV
775 2283 808 2302 11
828 2282 915 2302 mci-r
932 2271 1033 2302 MW:
1056 2283 1119 2303 om.
1140 2272 1185 2302 Os
1274 2283 1308 2309 14
1333 2273 1394 2302 sibi

119 2314 313 2345 WRPsM22
338 2316 394 2346 tibi
411 2315 500 2346 M¹O
627 2325 662 2352 17
687 2315 858 2353 quicquam
874 2313 1009 2344 RPsM2
1026 2326 1032 2344 :
1056 2315 1132 2344 huic
1149 2324 1243 2352 quarn
1266 2314 1393 2344 ΠῸΜ1

114 2366 154 2394 23
176 2358 279 2387 minui
298 2357 496 2388 O²RPsM²÷
520 2358 626 2387 minus
647 2356 786 2387 WO¹M¹
987 2366 1027 2395 29
1050 2361 1100 2386 est
1114 2357 1198 2396 vulg.
1216 2369 1222 2386 :
1247 2357 1274 2386 si
1291 2356 1394 2386 MW:

113 2399 202 2430 sensi
217 2400 255 2430 M
272 2401 407 2440 (marg.)
427 2400 537 2430 ORPs
622 2410 673 2429 me
689 2410 752 2430 om.
772 2398 816 2427 W

1473 152 1502 176 V
