1590 2730
517 127 626 164 EPP.
657 128 733 163 AD
762 129 1012 167 ATTICVM
1325 133 1417 169 XII.
1438 132 1484 168 iv
1513 133 1518 168 '.

119 234 196 271 Sed
223 246 309 271 vere
337 232 481 271 laudari
509 232 571 271 ille
599 233 654 270 vir
681 247 760 271 non
788 242 914 283 potest
941 236 1012 273 nisi
1039 238 1133 275 haec
1159 245 1291 275 ornata
1316 239 1400 285 sint,

119 297 225 344 quod
247 296 309 333 ille
335 309 379 333 ea
404 309 502 345 quae
527 310 631 334 nunc
657 304 744 334 sunt
772 305 808 334 et
832 299 956 335 futura
975 299 1109 337 viderit
1138 307 1174 337 et
1198 314 1245 338 ne
1272 303 1404 340 fierent

118 359 358 396 contenderit
388 367 425 396 et
455 361 553 397 facta
582 373 631 397 ne
663 360 807 398 videret
838 361 953 398 vitam
992 362 1191 411 reliquerit.
1251 366 1403 402 Horum

118 421 211 470 quid
230 429 287 460 est
306 423 411 471 quod
426 423 565 460 Aledio
585 424 745 471 probare
765 423 983 472 possimus?
1020 427 1096 463 Sed
1116 439 1215 472 cura,
1230 428 1403 474 obsecro,

81 495 99 527 5
117 492 158 522 ut
177 486 301 522 valeas
322 498 484 534 eamque
505 499 620 534 quam
645 487 694 524 ad
721 486 845 523 omnis
872 500 928 524 res
954 488 1115 526 adhibes
1144 489 1183 526 in
1203 490 1334 538 primis
1352 493 1402 529 ad

117 549 463 586 convalescendum
483 549 624 586 adhibe
644 549 896 598 prudentiam.

156 694 197 728 V
365 696 434 728 Ser.
450 697 482 727 r'n
505 698 683 728 Tusculano
698 698 740 729 z'n.
759 709 801 729 m.
820 699 930 737 Quint.
948 710 977 730 a.
1000 702 1059 738 708
1072 700 1161 742 (46).

516 784 680 814 CICERO
702 785 876 816 ATTICO
899 785 1004 817 SAL.

85 914 87 916 q
168 868 334 917 Quintus
355 876 460 919 pater
479 877 655 918 quartum
678 871 737 907 vel
763 870 889 919 potius
917 871 1159 909 millesimum
1186 873 1278 910 nihil
1302 874 1399 924 sapit
1416 886 1433 912 1

59 932 97 973 ις’)
115 931 180 981 qui
203 934 361 970 laetetur
385 934 559 981 Luperco
583 932 660 970 filio
686 941 722 970 et
749 933 868 970 Statio
894 941 934 970 ut
960 943 1087 972 cernat
1116 936 1258 984 duplici
1287 938 1400 975 dede-

114 1008 201 1033 core
221 997 452 1032 cumulatam
473 997 642 1032 domum.
699 998 816 1034 Addo
836 997 949 1034 etiam
967 997 1214 1035 Philotimum
1235 1000 1396 1037 tertium.

113 1059 148 1096 O
168 1058 375 1103 stultitiam,
399 1057 470 1094 nisi
491 1071 576 1096 mea
596 1058 715 1096 maior
735 1067 846 1105 esset,
867 1060 1093 1108 singularem
1111 1064 1116 1097 l
1147 1063 1251 1110 quod
1270 1070 1398 1101 autem

111 1134 153 1158 os
173 1121 212 1158 in
232 1122 331 1158 hanc
350 1134 429 1158 rem
455 1122 576 1170 ἔρανον
601 1136 623 1159 a
646 1126 705 1160 te!
762 1125 837 1160 Fac
864 1136 941 1160 non
965 1125 1014 1161 ad
1041 1124 1223 1173 ίδιψῶσαν
1249 1127 1397 1175 κρήνην’

110 1186 178 1223 Sed
210 1186 259 1222 ad
289 1186 468 1233 Πειρήνην
496 1199 583 1223 eum
612 1186 771 1232 venisse,
805 1188 1016 1235 ιἄμπνευμα
1045 1190 1177 1237 σεμνὸν
1203 1188 1398 1237 Ἀλφειοῦ’

57 1266 91 1295 15
110 1249 147 1285 in
181 1257 218 1286 te
247 1250 402 1298 ‘xpvjvffi'
432 1257 473 1286 ut
501 1249 642 1296 scribis,
674 1250 831 1295 haurire,
863 1250 901 1287 in
931 1251 1043 1288 tantis
1072 1252 1148 1289 suis
1177 1253 1395 1301 praesertim

108 1312 300 1361 angustiis,
322 1315 386 1350 ποῖ
406 1317 516 1350 ταῦτα
540 1315 607 1362 ἄρα
633 1315 859 1362 ἀποσκήψει;
889 1316 964 1352 Sed
990 1314 1071 1363 ipse
1095 1315 1240 1353 Viderit.
1299 1318 1396 1355 Cato
1414 1328 1438 1355 2

109 1389 170 1414 me
190 1376 345 1425 quidem
367 1378 540 1423 delectat,
564 1378 631 1415 sed
652 1377 766 1415 etiam
789 1380 947 1415 Bassum
971 1378 1160 1416 Lucilium
1181 1393 1257 1417 sua.

149 1524 188 1557 V
202 1536 225 1558 a
359 1526 426 1559 Ser.
442 1529 473 1557 ιἰι
497 1528 675 1558 Tusculano
687 1527 771 1567 prid.
790 1528 831 1557 K.
850 1528 924 1558 Iun.
942 1539 971 1558 α.
993 1538 1049 1567 7119
1064 1532 1141 1568 (4)st

505 1613 669 1644 CICERO
691 1613 866 1643 ATTICO
888 1613 991 1643 SAL.

51 1713 89 1735 20
160 1701 219 1737 De
249 1700 380 1739 Caelio
410 1708 450 1737 tu
478 1713 646 1748 quaeres,
678 1708 717 1737 ut
747 1700 877 1737 scribis
893 1715 901 1745 3
939 1713 1008 1748 ego
1038 1700 1130 1737 nihil
1159 1701 1258 1739 novi.
1316 1704 1392 1740 No-

86 1764 247 1800 -scenda
265 1771 392 1800 autem
413 1771 469 1800 est
489 1771 632 1809 natura,
650 1777 727 1801 non
748 1765 906 1800 facultas
923 1765 1049 1800 modo.
1101 1766 1160 1801 De
1182 1766 1392 1803 Hortensio

104 1833 141 1862 et
160 1826 340 1874 Verginio
367 1834 420 1871 tu,
441 1826 470 1863 si
491 1826 584 1875 quid
605 1826 807 1863 dubitabis
860 1826 939 1863 Etsi
961 1828 1065 1874 quod
1093 1828 1211 1876 magis
1231 1830 1387 1877 placeat,

104 1902 174 1937 ego
200 1896 384 1937 quantum
413 1889 566 1938 aspicio,
589 1903 667 1926 non
696 1889 804 1927 facile
833 1889 1030 1927 inveneris.
1090 1891 1188 1928 Cum
1212 1893 1387 1938 Mustela,

104 1965 218 2000 quem
237 1953 287 1989 ad
308 1954 465 1989 modum
487 1952 628 1998 scribis,
652 1966 739 1990 cum
766 1953 909 1990 venerit
935 1953 1101 2001 Crispus.
1159 1955 1222 1992 Ad
1248 1955 1388 1993 Avium

146 2061 162 2089 7
184 2052 274 2090 Quae
289 2052 428 2082 traditur
441 2053 570 2091 epsstttla
583 2053 693 2090 quinta
709 2063 780 2081 eam
792 2052 937 2082 Slum‘dt
952 2054 984 2082 ιἰι
998 2058 1151 2091 quattuor
1158 2055 1261 2093 partis
1276 2055 1387 2087 divisit.

101 2093 176 2123 Iam
194 2094 319 2124 Schiche
334 2105 370 2123 ex
385 2105 420 2124 ea
436 2095 615 2132 trisseccrat
629 2096 778 2134 epistulas
794 2096 838 2132 (5,
855 2105 874 2134 5
888 2106 906 2125 a
921 2100 949 2125 et
964 2106 982 2134 5
995 2097 1023 2134 b,
1042 2106 1060 2135 5
1075 2098 1107 2135 c)
1294 2108 1333 2127 10
1354 2103 1387 2128 et

103 2136 209 2166 Statio
227 2136 341 2167 ORP:
368 2141 400 2166 et
418 2137 545 2167 Stathio
565 2137 608 2167 C:
640 2137 776 2167 testario
792 2142 819 2166 Δ
972 2148 1009 2176 14
1027 2143 1103 2178 post
1116 2140 1247 2170 venisse
1264 2139 1335 2171 add.
1354 2146 1388 2170 et

101 2178 294 2217 Malaspz'na‚
313 2184 367 2208 aut
383 2178 498 2209 Lnnzb.
619 2189 655 2218 15
680 2179 712 2209 in
730 2184 761 2209 te
782 2179 895 2218 ίκρήνῃ
907 2179 913 2190 ’
934 2180 1124 2212 Lehmann:
1157 2186 1389 2212 INTEPHNHNv

101 2219 159 2250 M:
190 2232 337 2260 νετρηνην
353 2221 384 2250 Ζ
405 2225 440 2251 ut
461 2221 522 2252 vid.
542 2233 548 2251 :
580 2222 613 2251 in
637 2227 669 2252 te
694 2221 835 2262 [κρήνην]
861 2222 987 2252 Baiter:
1020 2224 1184 2262 integrum
1207 2225 1285 2255 coni.
1303 2224 1387 2255 Boot

101 2273 137 2292 21
160 2268 267 2293 autem
294 2267 317 2294 Σ
343 2263 446 2294 Crat:
480 2275 542 2294 om.
565 2269 592 2293 Δ
773 2274 812 2301 24
837 2264 954 2294 Avium
976 2265 1094 2296 Rosius
1117 2268 1181 2298 coll.
1205 2267 1272 2298 xiii.
1294 2279 1323 2306 4.
1347 2278 1385 2298 2:

100 2304 220 2335 Aulum
233 2306 272 2335 M
