1590 2730
62 154 130 192 XI.
152 154 197 190 iv
223 163 249 188 a
519 153 573 188 M.
604 153 766 188 TVLLI
797 152 1094 190 CICERONIS

133 1514 156 1539 2

137 2016 160 2052 3

169 260 241 298 scis
262 274 322 297 me
343 259 505 297 maxime
525 260 620 296 velle
641 271 759 303 cures,
781 265 822 295 ut
841 257 972 295 scribis
992 265 1029 295 et
1048 257 1149 294 facis.
1209 258 1276 293 Me
1296 255 1449 294 conficit

170 324 385 361 sollicitudo
414 336 458 360 ex
487 335 562 370 qua
590 321 702 358 etiam
734 335 883 358 summa
907 320 1104 358 infirmitas
1128 320 1305 368 corporis.
1363 320 1450 366 Qua

170 390 290 424 levata
315 400 378 424 ero
407 399 482 422 una
513 398 599 422 cum
631 398 677 421 eo
708 384 773 432 qui
806 384 1000 432 negotium
1033 383 1126 432 gerit
1156 390 1289 431 estque
1318 382 1355 419 in
1384 395 1451 431 spe

170 464 315 499 magna.
374 452 512 486 Brutus
532 448 676 485 amicus
692 462 701 494 3
730 448 768 484 in
789 461 902 484 causa
921 453 1088 484 versatur
1107 445 1250 483 acriter.

223 516 422 550 Hactenus
443 512 511 549 fuit
531 513 636 560 quod
652 518 761 548 caute
780 524 802 547 a
822 524 882 547 me
902 509 1013 547 scribi
1034 516 1171 558 posset.
1228 510 1333 545 Vale.
1392 510 1452 545 De

169 576 353 626 pensione
373 577 499 619 altera,
522 588 588 611 oro
609 582 656 619 te,
672 573 775 610 omni
796 586 883 610 cura
905 572 1103 609 considera
1123 570 1215 620 quid
1235 570 1452 608 faciendum

170 640 227 686 sit,
242 647 283 677 ut
302 638 433 687 scripsi
453 638 496 675 iis
517 637 647 675 litteris
668 650 761 686 quas
782 637 912 673 Pollex
931 635 1024 672 tulit.

211 774 251 825 V
458 775 522 807 Ser.
541 775 754 815 Brundisipr.
774 775 859 805 Non.
880 773 959 805 Nov.
981 784 1009 804 a.
1030 774 1088 812 706
1107 773 1190 813 (48).

578 859 746 889 CICERO
770 858 935 888 ATTICO
961 858 1053 888 SAL.

225 938 334 984 Quae
361 949 421 973 me
447 948 584 973 causae
613 934 809 979 moverint,
833 947 947 982 quam
971 933 1139 977 acerbae,
1169 945 1282 980 quam
1312 944 1451 980 graves,

173 1014 286 1048 quam
308 1013 438 1045 novae,
461 998 730 1047 coegerintque
751 997 895 1045 impetu
919 996 1036 1044 magis
1064 996 1231 1044 quodam
1261 994 1377 1032 animi
1401 994 1455 1031 uti

173 1076 287 1111 quam
317 1061 556 1111 cogitatione,
588 1074 665 1097 non
696 1073 851 1109 possum
880 1061 929 1096 ad
959 1066 995 1096 te
1021 1058 1101 1095 sine
1132 1057 1296 1095 maximo
1325 1058 1456 1095 dolore

173 1125 344 1162 scribere.
404 1126 571 1161 Fuerunt
595 1123 752 1172 quidem
778 1129 904 1159 tantae
934 1129 973 1158 ut
1003 1121 1041 1158 id
1071 1122 1175 1169 quod
1201 1120 1307 1158 vides
1327 1122 1457 1157 effece-

173 1187 254 1224 rint.
314 1189 448 1235 Itaque
477 1200 548 1224 nec
574 1186 667 1234 quid
700 1187 749 1222 ad
782 1193 819 1222 te
852 1184 1014 1221 scribam
1046 1177 1095 1221 de
1124 1183 1216 1220 meis
1246 1183 1357 1220 rebus
1386 1196 1457 1220 nec

173 1251 266 1299 quid
286 1264 307 1287 a
328 1258 363 1287 te
384 1257 509 1298 petam
531 1249 676 1298 reperio
692 1263 700 1295 ς
729 1262 807 1286 rem
828 1256 864 1285 et
885 1261 1073 1284 summam
1095 1246 1221 1295 negoti
1243 1246 1358 1284 vides.

227 1313 417 1362 Equidem
438 1327 482 1350 ex
509 1312 581 1349 tuis
610 1312 741 1349 litteris
767 1311 931 1349 intellexi
962 1318 997 1348 et
1027 1311 1069 1347 iis
1091 1324 1184 1359 quas
1205 1310 1459 1347 communiter

174 1390 260 1414 cum
281 1377 362 1413 aliis
383 1375 562 1424 scripsisti
583 1382 618 1412 et
640 1375 682 1411 iis
710 1388 803 1423 quas
833 1382 899 1412 tuo
924 1373 1090 1419 nomine,
1115 1374 1220 1421 quod*
1240 1372 1353 1410 etiam
1374 1386 1459 1410 mea

175 1447 310 1488 sponte
330 1439 519 1484 videbam,
536 1446 572 1475 te
588 1438 713 1475 subita
728 1452 765 1475 re
782 1437 888 1486 quasi
906 1436 1145 1474 debilitatum
1162 1450 1279 1473 novas
1296 1436 1458 1474 rationes

176 1503 305 1540 tuendi
340 1502 413 1539 mei
452 1515 640 1550 quaerere.
717 1501 833 1548 Quod
871 1500 1002 1537 scribis
1041 1502 1189 1548 placere
1227 1509 1267 1537 ut
1305 1500 1459 1549 propius

174 1567 354 1602 accedam
382 1565 526 1613 iterque
555 1577 621 1612 per
644 1563 787 1612 oppida
813 1571 929 1601 noctu
955 1564 1101 1609 faciam,
1124 1578 1202 1602 non
1229 1578 1319 1602 sane
1347 1564 1459 1602 video

176 1642 289 1677 quem
323 1630 371 1665 ad
409 1629 568 1665 modum
602 1627 641 1664 id
672 1626 750 1664 fieri
781 1627 910 1676 possit.
988 1630 1124 1677 Neque
1155 1628 1256 1665 enim
1291 1628 1341 1665 ita
1373 1636 1461 1676 apta

177 1693 301 1729 habeo
325 1691 537 1729 deversoria
560 1698 600 1728 ut
621 1698 700 1728 tota
719 1698 891 1740 tempora
912 1692 1047 1730 diurna
1072 1692 1110 1728 in
1131 1691 1174 1729 iis
1204 1692 1346 1741 possim
1375 1705 1462 1729 con-

178 1768 336 1800 sumere,
368 1768 492 1802 neque
519 1755 568 1791 ad
598 1754 636 1791 id
666 1756 771 1803 quod
799 1756 947 1804 quaeris
975 1757 1136 1793 multum
1162 1755 1314 1792 interest
1336 1762 1460 1791 utrum

179 1832 239 1855 me
258 1818 433 1855 homines
460 1817 497 1854 in
522 1818 666 1866 oppido
696 1819 849 1857 videant
873 1833 920 1856 an
948 1818 985 1855 in
1013 1818 1081 1855 via.
1141 1819 1215 1856 Sed
1236 1826 1363 1855 tamen
1389 1819 1461 1855 hoc

179 1881 301 1930 ipsum
341 1881 436 1918 sicut
469 1881 540 1918 alia
578 1882 830 1920 considerabo
864 1895 978 1931 quem
1016 1883 1065 1918 ad
1104 1883 1260 1918 modum
1295 1894 1462 1918 commo·
1485 1897 1496 1917 2

179 1944 333 1981 dissime
351 1944 425 1981 fieri
448 1958 559 1993 posse
581 1946 761 1983 videatur.

233 2010 314 2056 Ego
335 2016 486 2056 propter
507 2009 768 2047 incredibilem
800 2017 835 2047 et
862 2008 978 2046 animi
1005 2016 1041 2046 et
1062 2007 1229 2056 corporis
1251 2007 1460 2045 molestiam

180 2073 367 2108 conficere
406 2072 520 2120 pluris
559 2073 698 2110 litteras
738 2079 815 2109 no'n
853 2071 984 2120 potui,
1025 2071 1068 2107 iis
1108 2078 1254 2107 tantum
1292 2069 1463 2118 rescripsi

180 2149 202 2171 a
231 2135 368 2183 quibus
392 2149 623 2184 acceperam.
682 2137 742 2171 Tu
768 2135 879 2172 velim
910 2142 945 2171 et
976 2134 1103 2171 Basilo
1132 2141 1168 2170 et
1197 2133 1335 2181 quibus
1362 2146 1464 2181 prae-

230 2247 240 2265 1
268 2242 299 2266 et
318 2236 432 2266 Off-lli:
458 2241 490 2266 ut
509 2236 547 2265 M
669 2246 687 2273 3
711 2236 836 2265 levatus
858 2233 902 2263 W
1023 2244 1041 2271 4
1061 2236 1133 2272 post
1147 2234 1271 2262 amicus
1287 2232 1400 2263 addere
1414 2237 1464 2262 est

184 2280 249 2308 vall
266 2279 364 2308 Orelli
420 2279 452 2308 in
470 2289 534 2308 0111.
552 2277 595 2306 W
666 2288 697 2306 11
717 2278 855 2315 quodam
868 2276 1062 2306 Ascensius:
1086 2285 1193 2305 coram
1212 2275 1255 2303 W
1264 2275 1349 2305 codd.
1429 2285 1463 2312 13

184 2326 293 2350 tantae
312 2326 345 2350 ut
361 2321 445 2359 vulg.
461 2333 467 2351 :
491 2325 582 2350 tanta
610 2321 658 2350 vel
671 2324 760 2349 tanta
777 2318 875 2358 (mm)
893 2318 994 2357 enirn)
1010 2318 1069 2347 suit
1087 2317 1130 2346 W
1140 2317 1223 2346 codd.
1296 2317 1464 2347 effecerint

189 2363 345 2392 WORP:
370 2363 551 2392 effecerunt
568 2367 593 2392 Δ
714 2363 750 2391 18
774 2362 880 2391 subita
898 2371 932 2390 re
947 2360 1039 2397 quasi
1059 2358 1148 2389 CW:
1171 2359 1231 2388 sub
1249 2359 1311 2388 (vel
1325 2359 1410 2391 subi>
1430 2358 1470 2387 M

185 2405 399 2443 idemque-few
414 2404 509 2435 ORP
573 2414 612 2442 27
631 2403 856 2434 incredibilem
868 2413 930 2432 0111.
950 2401 994 2430 W
1055 2411 1096 2440 29
1115 2401 1217 2431 basilo
1233 2400 1283 2432 W:
1304 2401 1418 2431 basilio
1429 2399 1467 2429 M

1477 946 1513 968 10

1481 1581 1518 1601 20
