1590 2730
550 109 657 143 EPP.
690 108 763 142 AI)
793 107 1043 144 ATTICVM
1321 105 1436 141 XIII.
1455 103 1511 139 xii

154 216 296 263 scribis,
319 216 390 254 scis
420 229 480 253 me
513 222 625 252 antea
657 213 846 251 orationes
874 220 938 250 aut
967 213 1111 262 aliquid
1141 213 1179 250 id
1208 226 1326 261 genus
1356 212 1439 249 soli-

153 287 234 317 tum
281 279 442 317 scribere
488 285 529 315 ut
569 279 780 314 Varronem
827 290 1015 324 nusquam
1062 289 1214 325 possem
1260 276 1436 313 intexere.

154 345 291 380 Postea
322 350 450 379 autem
484 354 598 389 quam
631 341 723 377 haec
757 339 866 388 coepi
897 341 1181 390 φιλολογώτερα,
1214 338 1289 375 iarn
1319 340 1440 375 Varro

153 405 246 442 mihi
276 404 564 443 denuntiaverat
590 416 766 452 magnam
797 416 888 440 sane
917 410 953 440 et
983 416 1134 451 gravem
1164 403 1438 451 προσ-φώνησιν.

115 479 133 510 5
155 468 357 506 Biennium
389 467 577 516 praeteriit
615 480 703 503 cum
741 466 803 503 ille
842 467 1100 514 Καλλιππίδης
1132 466 1295 504 adsiduo
1328 478 1439 503 cursu

152 531 324 569 cubitum
353 532 499 568 nullum
529 529 762 579 processerit,
786 542 856 577 ego
881 537 1007 566 autem
1038 543 1097 567 me
1122 529 1302 578 parabam
1325 529 1374 565 ad
1401 528 1440 565 id

153 595 258 642 quod
295 594 356 631 ille
394 593 486 630 mihi
524 592 686 630 misisset
716 600 757 629 ut
793 596 801 611 ‘

154 658 270 695 modo
299 657 535 706 potuissem,
563 670 652 694 narn
673 657 746 693 hoc
767 656 880 693 etiam
908 657 1104 695 Hesiodus
1133 656 1297 703 ascribit,
1323 657 1384 693 (αἴ
1401 673 1440 693 κε

816 595 913 641 αὐτῷ
941 596 989 643 τῷ
1017 594 1133 643 μέτρῳ
1165 594 1222 629 καὶ
1251 593 1381 637 λώϊονῇ
1410 591 1440 628 Si

153 721 298 768 δύνηαι.’

97 797 135 818 10
206 785 320 820 Nunc
340 783 442 820 illam
462 784 541 832 περὶ
560 786 672 820 τελῶν
690 785 857 828 σύνταξιν
877 797 967 821 sane
984 782 1076 820 mihi
1092 783 1289 832 probatam
1308 785 1436 828 Bruto,

152 854 194 883 ut
222 846 290 883 tibi
318 846 470 895 placuit,
493 846 780 895 despondimus,
803 846 919 894 idque
946 852 985 882 tu
1012 859 1100 884 eum
1126 859 1203 883 non
1225 847 1325 883 nolle
1347 845 1439 882 mihi

153 908 342 957 scripsisti.
402 911 502 957 Ergo
533 909 634 946 illam
656 908 908 958 Ἀκαδημικήν,
931 909 969 945 in
991 922 1067 957 qua
1087 908 1263 946 homines
1289 908 1438 946 nobiles

152 972 205 1009 illi
225 972 381 1021 quidem
401 974 469 1010 sed
490 974 595 1010 nullo
620 974 737 1010 rnodo
757 972 940 1022 philologi
961 972 1073 1009 nimis
1089 979 1199 1009 acute
1219 973 1436 1020 loquuntur,

152 1036 201 1072 ad
229 1037 441 1072 Varronem
470 1036 748 1073 transferamus.
808 1035 961 1073 Etenim
991 1042 1078 1071 sunt
1107 1034 1313 1072 Antiochia
1342 1047 1439 1083 quae

97 1111 132 1143 15
152 1097 222 1135 iste
242 1099 351 1136 valde
380 1099 525 1146 probat.
585 1100 724 1137 Catulo
752 1106 789 1136 et
819 1100 981 1135 Lucullo
1007 1097 1096 1135 alibi
1126 1110 1365 1146 reponemus,
1388 1097 1440 1134 ita

152 1168 280 1198 tamen
301 1160 331 1198 si
351 1168 391 1198 tu
412 1163 486 1198 hoc
506 1162 644 1210 probas
660 1175 668 1207 3
697 1163 823 1209 deque
843 1174 889 1198 eo
910 1160 1002 1197 mihi
1023 1160 1204 1198 rescribas
1225 1160 1348 1198 velim.

207 1226 265 1262 De
300 1223 506 1261 Brinniana
538 1224 716 1262 auctione
748 1224 879 1273 accepi
909 1238 931 1261 a
959 1224 1136 1261 Vestorio
1165 1223 1315 1261 litteras.
1373 1223 1437 1261 Ait
1455 1229 1481 1265 4

152 1287 232 1325 sine
258 1289 334 1325 ulla
360 1288 615 1325 controversia
643 1301 721 1325 rem
750 1289 799 1325 ad
829 1301 889 1325 me
918 1301 1000 1325 esse
1029 1289 1230 1324 conlatam.
1289 1289 1439 1324 Romae

151 1350 327 1388 videlicet
359 1358 424 1388 aut
454 1350 492 1387 in
523 1353 744 1388 Tusculano
775 1364 836 1388 me
865 1352 944 1388 fore
974 1357 1201 1399 putaverunt
1235 1363 1265 1386 a.
1297 1351 1333 1386 d.
1365 1361 1437 1386 viil

97 1428 134 1449 20
154 1415 238 1451 Kal.
262 1414 394 1462 Quint.
452 1414 567 1452 Dices
588 1414 698 1462 igitur
717 1415 775 1451 vel
798 1413 923 1451 amico
950 1421 1016 1451 tuo
1046 1415 1080 1450 S.
1104 1412 1234 1450 Vettio
1258 1411 1437 1450 coheredi

152 1490 238 1514 meo
264 1479 323 1514 vel
352 1477 525 1515 Labeoni
544 1484 675 1515 nostro
700 1478 857 1526 paulum
887 1478 1078 1525 proferant
1106 1476 1349 1521 auctionem3
1378 1489 1438 1513 me

151 1540 297 1578 circiter
334 1542 467 1578 Nonas
500 1540 538 1577 in
571 1542 792 1578 Tusculano
825 1542 914 1577 fore.
973 1541 1073 1578 Cum
1108 1539 1247 1576 Pisone
1282 1541 1438 1576 Erotem

150 1604 280 1641 habes.
338 1605 398 1641 De
419 1603 640 1653 Scapulanis
661 1603 778 1641 hortis
799 1611 880 1641 toto
900 1610 1054 1651 pectore
1074 1602 1295 1651 cogitemus.
1346 1601 1438 1639 Dies

150 1667 268 1704 adest.

95 1775 132 1806 25
193 1763 317 1807 XIII,
334 1764 439 1798 XIV
484 1768 549 1798 Ser.
571 1768 603 1797 in
619 1768 777 1807 Arpinati
788 1769 822 1797 ἀι’
834 1768 875 1797 K.
896 1768 1008 1806 Quint.
1026 1777 1055 1798 a.
1076 1777 1133 1807 709
1152 1766 1231 1808 (45).

544 1844 708 1874 CICERO
737 1845 767 1873 A
780 1844 912 1874 TTICO
941 1843 1043 1873 SAL.

204 1920 432 1957 Commotus
466 1919 538 1956 tuis
570 1918 711 1963 litteris,
741 1920 846 1967 quod
884 1919 933 1955 ad
972 1931 1033 1954 me
1071 1918 1119 1954 de
1150 1919 1322 1954 Varrone
1352 1916 1472 1954 scri-1

151 1994 288 2030 pseraS,
307 1989 425 2019 totam
441 1981 691 2019 Academiam
711 1982 760 2018 ab
780 1981 1000 2018 hominibus
1021 1979 1266 2017 nobilissimis
1285 1979 1435 2027 abstuli,

151 2045 323 2082 transtuli
343 2046 392 2082 ad
412 2053 583 2082 nostrum
604 2045 774 2082 sodalem
797 2052 832 2081 et
853 2058 898 2081 ex
926 2044 1078 2082 duobus
1105 2043 1207 2081 libris
1234 2043 1378 2080 contuli
1398 2043 1437 2080 in

93 2121 134 2152 50
152 2115 338 2156 quattuor.
406 2107 637 2145 Grandiorcs
675 2115 762 2144 sunt
800 2108 958 2144 omnino
997 2121 1111 2155 [luam
1149 2115 1254 2144 crant
1285 2107 1335 2143 illi
1370 2109 1437 2145 sed

193 2211 212 2238 6
235 2214 439 2247 processerat
457 2209 575 2238 Msillm·
663 2219 694 2238 11
723 2214 755 2238 tu
772 2220 796 2239 ει,
812 2220 833 2238 ι’.
852 2209 877 2238 L
895 2210 1013 2249 (marg.
1030 2230 1031 2235 ,
1050 2210 1162 2239 codices
1178 2210 1277 2239 Bosf:
1303 2220 1366 2239 0111.
1385 2214 1437 2240 ΣΔ

154 2261 189 2289 14
214 2251 388 2290 Ἀντιόχεια
404 2251 518 2281 Lamh.
637 2261 672 2288 15
697 2251 847 2280 Catulum
865 2257 895 2280 et
916 2252 1083 2282 Lucullum
1104 2253 1282 2282 Gronovius
1397 2262 1438 2281 20

152 2293 265 2332 Quint.
298 2295 363 2324 secl.
398 2293 516 2324 Scln'c'tz
658 2303 698 2322 22
731 2293 779 2322 Tu
804 2304 875 2323 cum
908 2294 1028 2323 Pisone
1045 2305 1051 2323 :
1091 2294 1224 2324 Erotem
1260 2293 1440 2334 l'Vesenberg

152 2335 216 2366 coll.
239 2336 349 2373 16fin.
479 2345 519 2373 29
543 2335 760 2372 transtulique
779 2334 864 2365 Crat.
881 2335 996 2366 Lamb.
