1690 2710
146 106 231 143 XV.
249 105 294 141 xi
598 104 652 140 M.
684 104 847 140 TVLLI
877 102 1172 141 CICERONIS

249 226 352 251 nunc
379 212 471 250 mihi
492 211 665 249 additum
687 219 751 248 est.
811 212 916 248 Bella
939 218 996 249 est
1017 218 1146 249 autem
1171 210 1284 248 huius
1308 210 1398 248 iuris
1421 211 1530 259 quin-

250 275 393 326 quenni
412 274 574 312 licentia.
624 275 869 322 Quamquam
888 275 981 321 quid
995 275 1038 310 de
1056 272 1319 322 quinquennio
1339 274 1533 321 cogitem?

252 339 436 378 Contrahi
457 337 549 375 mihi
569 336 764 386 negotium
784 336 941 374 videtur.
999 338 1075 375 Sed
1093 338 1308 385 βλάσφημα
1326 336 1532 374 mittamus.

293 442 382 477 XII
497 443 564 474 Scr.
582 443 615 473 in
631 442 761 472 Antz'ali
774 453 793 472 v
808 446 866 473 aut
878 442 907 472 iv
923 442 969 472 Id.
989 442 1062 472 Iun.
1081 453 1109 474 α.
1129 451 1186 481 710
1204 442 1287 483 (44).

646 516 810 547 CICERO
839 515 1012 545 ATTICO
1041 515 1144 547 SAL.
1554 526 1571 556 5

218 599 236 626 1
307 591 412 627 Bene
428 601 489 626 me
505 588 657 626 hercule
678 588 726 624 de
742 587 939 623 Buthroto.
995 588 1048 623 At
1067 599 1137 635 ego
1150 585 1332 624 Tironem
1351 588 1401 624 ad
1422 587 1537 624 Dola-

253 653 393 691 bellam
422 664 509 688 cum
538 650 679 695 litteris,
704 649 792 698 quia
821 649 991 694 iusseras,
1017 649 1203 686 miseram.
1261 649 1367 697 Quid
1395 651 1536 687 nocet?

255 717 316 754 De
342 714 478 752 nostris
504 721 631 751 autern
659 712 877 750 Antiatibus
902 712 989 749 satis
1010 712 1165 749 videbar
1193 713 1306 760 plane
1331 712 1533 761 scripsisse,

254 786 295 816 ut
327 791 407 816 non
435 776 628 814 dubitares
660 775 751 824 quin
781 782 907 812 essent
936 774 1047 812 otiosi
1075 775 1189 812 futuri
1217 775 1395 824 usurique
1424 776 1538 813 bene—

254 841 341 879 ficio
378 839 525 877 Antoni
566 838 855 876 contumelioso.
931 837 1085 876 Cassius
1130 838 1412 875 frumentariam
1457 851 1537 876 rem
1559 855 1595 877 10

253 904 526 953 aspernabatur
539 917 549 949 ,-
578 915 661 939 earn
683 901 837 939 Servilia
864 901 1097 938 sublaturam
1121 914 1166 938 ex
1191 908 1343 939 senatus
1363 903 1538 940 consulto

255 981 295 1006 se
323 980 406 1005 esse
436 966 597 1004 dicebat.
657 966 797 1003 Noster
827 977 916 1001 vero
947 965 1004 1001 καὶ
1034 966 1135 1013 μάλα
1162 968 1300 1013 σεμνῶς
1326 963 1366 1001 in
1394 964 1536 1011 Asiam,

255 1038 388 1082 postea
421 1043 536 1079 quam
568 1028 660 1066 mihi
691 1035 747 1066 est
780 1029 965 1065 adsensus
994 1034 1076 1065 tuto
1104 1040 1145 1065 se
1174 1029 1323 1065 Romae
1350 1041 1433 1066 esse
1460 1042 1539 1067 non

254 1107 367 1144 posse
399 1093 526 1144 (ludos
563 1092 665 1129 enim
703 1091 842 1128 absens
879 1092 1002 1129 facere
1032 1090 1225 1140 malebat),
1258 1091 1384 1128 statim
1415 1091 1468 1130 ait
1499 1105 1540 1130 se

255 1157 395 1194 iturum
422 1156 534 1193 simul
558 1168 602 1192 ac
630 1155 806 1191 ludorum
835 1161 1057 1202 apparatum
1078 1153 1121 1191 iis
1148 1153 1213 1203 qui
1233 1154 1395 1192 curaturi
1414 1163 1541 1193 essent
1563 1169 1597 1199 15

256 1219 482 1257 tradidisset.
535 1217 695 1265 Navigia
716 1216 955 1265 configebat,
983 1224 1061 1254 erat
1080 1216 1229 1254 animus
1248 1216 1286 1254 in
1307 1230 1427 1255 cursu.
1481 1219 1542 1255 In-

256 1290 358 1321 terea
383 1282 421 1319 in
448 1281 570 1319 isdem
595 1279 688 1317 locis
709 1287 815 1317 erant
836 1280 958 1317 futuri.
1018 1282 1155 1317 Brutus
1181 1279 1337 1328 quidem
1358 1294 1398 1318 se
1416 1280 1542 1319 aiebat

215 1357 240 1384 2
258 1348 429 1383 Asturae.
487 1346 529 1381 L.
552 1343 707 1392 quidem
738 1343 929 1380 Antonius
955 1342 1156 1380 liberaliter
1184 1342 1315 1381 litteris
1344 1343 1425 1382 sine
1452 1358 1542 1382 cura

258 1423 319 1447 me
339 1422 421 1446 esse
447 1407 562 1445 iubet.
622 1406 762 1443 Habeo
783 1419 901 1442 unum
930 1406 1171 1451 beneficium,
1192 1407 1351 1444 alterum
1371 1408 1539 1454 fortasse,

258 1474 294 1509 si
317 1472 356 1509 in
384 1471 647 1508 Tusculanum
676 1468 828 1505 venerit.
888 1469 922 1506 O
952 1468 1104 1517 negotia
1131 1482 1209 1506 non
1237 1470 1414 1507 ferenda!
1442 1483 1542 1519 quae
1563 1486 1601 1506 20

259 1537 427 1573 feruntur
465 1542 602 1571 tamen.
660 1533 776 1570 Τῶνδε
813 1533 926 1570 αἰτίαν
962 1536 1031 1570 τῶν
1069 1534 1233 1581 Βρούτων
1269 1550 1321 1573 τις
1358 1534 1438 1584 ἔχει.
1494 1536 1540 1572 In

260 1598 481 1643 Octaviano,
508 1604 547 1633 ut
577 1595 759 1645 perspexi,
788 1595 877 1633 satis
907 1595 1042 1644 ingeni,
1067 1596 1154 1633 satis
1183 1596 1309 1642 animi,
1332 1597 1543 1634 videbatur-

259 1675 334 1711 que
354 1674 440 1710 erga
464 1667 613 1698 nostros
640 1660 754 1708 ἥρωας
782 1659 833 1696 ita
860 1660 940 1697 fore
966 1666 1007 1696 ut
1035 1671 1106 1696 nos
1130 1661 1313 1697 vellemus
1341 1660 1540 1698 animatus.

260 1726 336 1763 Sed
370 1718 466 1773 quid
495 1722 609 1760 aetati
642 1723 878 1760 credendum
912 1721 970 1768 sit,
1001 1721 1093 1770 quid
1125 1722 1283 1768 nomini,
1315 1723 1408 1772 quid
1440 1724 1544 1762 here-

259 1787 379 1833 ditati,
401 1786 495 1836 quid
524 1788 729 1836 κατηχήσει,
753 1785 880 1834 magni
909 1785 1043 1823 consili
1071 1793 1137 1823 est.
1194 1785 1359 1824 Vitricus
1385 1787 1542 1835 quidem
1564 1801 1601 1832 25

260 1850 355 1888 nihil
382 1850 590 1896 censebat3
618 1863 733 1898 quem
762 1851 924 1886 Asturae
952 1847 1126 1886 vidimus.
1184 1850 1260 1887 Sed
1291 1856 1419 1887 tamen
1444 1851 1544 1888 alen-

260 1915 334 1952 dus
361 1920 417 1952 est
446 1920 493 1959 et,
515 1920 556 1950 ut
585 1912 677 1949 nihil
707 1912 820 1958 aliud,
843 1912 892 1950 ab
921 1911 1092 1949 Antonio
1120 1911 1386 1960 seiungendus.
1446 1914 1544 1950 Mar-

260 1979 377 2014 cellus
406 1978 605 2025 praeclare,
629 1976 660 2013 si
690 1975 873 2025 praecipit
902 1980 1056 2015 †nostro
1085 1975 1237 2014 nostrii:
1293 1976 1368 2014 Cui
1388 1976 1544 2024 quidem

261 2038 326 2077 ille
351 2039 502 2077 deditus
532 2038 625 2076 mihi
654 2039 862 2076 videbatur.
923 2041 1068 2076 Pansae
1086 2046 1214 2076 autem
1243 2045 1280 2076 et
1310 2038 1437 2076 Hirtio
1466 2053 1544 2077 non

262 2101 374 2139 nimis
394 2103 583 2140 credebat.
643 2103 751 2140 Bona
772 2101 930 2148 indoles,
954 2104 1013 2140 ἐὰν
1032 2102 1201 2151 διαμείνῃ.
1566 2114 1604 2144 30

305 2207 323 2226 2
345 2197 422 2235 quid
440 2197 479 2226 de
496 2196 569 2226 add.
586 2201 652 2228 vett.
767 2207 804 2227 12
828 2197 942 2234 σεμνῶς
961 2197 1008 2228 C:
1032 2200 1166 2227 CMNOC
1182 2195 1243 2227 M:
1261 2196 1393 2234 ἅσμενος
1413 2196 1548 2227 Vrsinus

266 2249 301 2276 14
326 2241 370 2269 ait
398 2238 526 2269 Moser:
564 2244 672 2269 autem
703 2239 789 2270 codd.
831 2239 1012 2279 Wesenberg
1103 2253 1105 2255 >
1139 2249 1180 2269 20
1211 2239 1238 2268 si
1269 2238 1341 2269 add.
1375 2239 1548 2269 Ascensius

262 2290 299 2310 21
325 2281 422 2310 Τῶνδε
444 2281 547 2311 Boot:
581 2281 769 2310 ΤΑΝΔΕΜ
781 2293 786 2311 z
820 2281 877 2311 τὰν
896 2282 920 2311 δ’
936 2281 1119 2322 Wesenberg
1189 2309 1194 2314 ,
1243 2282 1283 2310 28
1306 2281 1418 2311 νόστον
1442 2281 1547 2311 nostri

261 2323 338 2353 coni.
356 2322 456 2353 Boot:
491 2323 663 2361 ignoscere
688 2325 809 2354 nostris
835 2324 888 2354 Fr.
913 2323 1080 2354 Schmidt:
1104 2324 1272 2363 σωφρονεῖν
1298 2323 1412 2354 Orelli:
1444 2324 1547 2354 nostri

262 2364 320 2395 del.
343 2364 479 2394 Gurlitt:
505 2370 617 2395 nostro
635 2370 747 2395 nostra
764 2366 905 2404 Kayser:
929 2370 963 2396 ut
981 2371 1092 2396 nostro
1108 2371 1221 2396 nostra
1237 2366 1321 2396 Reid
