1590 2730
60 143 148 180 XII.
168 143 242 178 xxi
553 143 605 178 M.
637 143 800 178 TVLLI
832 142 1128 180 CICERONIS

202 263 321 287 unum
345 257 381 287 te
404 249 520 298 pluris
546 262 661 298 quam
691 248 815 286 omnis
842 248 926 286 illos
952 256 1093 297 putem.
1152 250 1212 286 Ne
1241 262 1302 286 me
1327 248 1484 297 quidem

202 321 409 350 contemno
431 326 593 360 meoque
620 311 762 349 iudicio
783 313 903 349 multo
930 319 1026 348 stare
1055 313 1156 349 malo
1177 325 1291 360 quam
1312 311 1484 349 omnium

201 376 443 424 reliquorum.
502 377 639 424 Neque
668 383 795 412 tamen
825 375 1044 424 progredior
1074 375 1222 423 longius
1249 388 1362 423 quam
1392 374 1485 411 mihi

201 439 411 476 doctissimi
432 439 607 476 homines
624 440 841 475 concedunt
856 452 865 483 ,-
894 451 1056 486 quorum
1077 437 1215 486 scripta
1230 438 1359 475 omnia
1374 450 1486 485 quae-

201 515 367 550 cumque
388 509 475 538 sunt
496 501 533 538 in
550 504 633 538 earn
655 501 883 538 sententiam
901 514 978 537 non
994 500 1067 548 legi
1084 502 1218 546 solum,
1234 502 1338 549 quod
1358 500 1483 548 ipsum
1504 512 1521 543 5

201 573 279 603 erat
308 566 412 602 fortis
443 565 595 614 aegroti,
622 564 794 613 accipere
824 564 1069 610 medicinam,
1093 566 1161 602 sed
1190 564 1228 601 in
1257 577 1341 601 mea
1369 563 1484 601 etiarn

200 629 338 677 Scripta
376 628 560 671 transtuli,
590 630 694 676 quod
734 636 835 665 certe
873 627 1015 665 adflicti
1049 634 1086 664 et
1117 627 1222 664 fracti
1255 626 1372 664 animi
1405 640 1484 664 non

200 692 278 728 fuit.
336 692 399 729 Ab
419 692 477 728 his
498 704 558 729 me
585 691 762 729 remediis
790 691 867 728 noli
895 691 931 727 in
960 691 1069 727 istam
1098 691 1247 728 turbam
1267 703 1412 736 vocare,
1435 703 1484 728 ne

199 755 377 793 recidam.

240 895 371 929 XXII
514 898 581 929 Ser.
598 898 741 928 Asturae
755 909 798 929 xv
812 897 853 928 K.
874 898 955 938 Apr.
971 909 1001 930 a.
1024 909 1081 939 709
1099 900 1178 938 (45).
1506 906 1542 927 10

587 984 752 1015 CICERO
783 984 962 1015 ATTICO
990 983 1092 1015 SAL.

163 1081 182 1110 1
255 1073 314 1109 De
329 1070 508 1109 Terentia
524 1072 629 1119 quod
650 1070 743 1107 mihi
763 1083 878 1108 omne
894 1083 990 1107 onus
1006 1070 1184 1119 imponis,
1197 1083 1275 1108 non
1292 1083 1484 1119 cognosco

199 1141 303 1171 tuam
324 1135 362 1171 in
383 1148 443 1171 me
464 1133 749 1182 indulgentiam.
800 1135 878 1170 Ista
893 1133 994 1170 enim
1016 1141 1103 1170 sunt
1123 1133 1204 1182 ipsa
1219 1135 1374 1171 vulnera
1386 1147 1484 1183 quae

200 1211 278 1234 non
299 1211 454 1246 possum
472 1204 629 1234 tractare
649 1196 730 1234 sine
752 1196 917 1233 maximo
933 1196 1085 1244 gemitu.
1138 1198 1339 1234 Moderare
1360 1197 1481 1246 igitur,

200 1274 353 1309 quaeso,
370 1268 410 1297 ut
426 1267 544 1308 potes.
595 1260 732 1307 Neque
748 1259 849 1296 enim
865 1272 888 1296 a
903 1267 939 1296 te
955 1261 1038 1307 plus
1056 1272 1170 1307 quam
1188 1267 1296 1308 potes
1317 1263 1480 1309 postulo.
1506 1277 1541 1307 15

158 1333 182 1360 2
201 1326 314 1360 Potes
340 1330 466 1360 autem
494 1322 587 1370 quid
607 1322 683 1359 veri
711 1321 757 1358 sit
783 1321 994 1370 perspicere
1020 1330 1060 1358 tu
1090 1335 1198 1359 unus.
1260 1326 1318 1360 De
1341 1324 1484 1361 Rutilia

200 1387 381 1435 quoniam
412 1385 550 1423 videris
584 1385 769 1430 dubitare,
799 1384 940 1421 scribes
977 1386 1025 1422 ad
1065 1398 1125 1422 me
1163 1399 1250 1423 cum
1290 1387 1385 1424 scies
1416 1389 1483 1425 sed

199 1462 313 1498 quarn
337 1449 513 1497 primum,
536 1455 572 1485 et
596 1461 688 1484 num
714 1447 851 1485 Clodia
874 1449 919 1483 I).
944 1449 1062 1484 Bruto
1089 1449 1277 1485 consulari
1308 1450 1384 1486 filio
1413 1463 1482 1487 suo

199 1521 350 1549 mortuo
383 1511 522 1549 vixerit.
582 1512 629 1548 Id
662 1512 710 1548 de
746 1512 929 1547 Marcello
967 1518 1031 1547 aut
1069 1519 1170 1548 certe
1204 1513 1252 1549 de
1286 1513 1483 1551 Postumia

199 1576 283 1613 sciri
313 1583 447 1624 potest,
474 1575 567 1612 illud
595 1581 723 1611 autern
752 1575 801 1611 de
829 1575 882 1610 M.
907 1575 1021 1611 Cotta
1049 1583 1114 1612 aut
1143 1577 1191 1613 de
1220 1578 1312 1624 Syro
1340 1584 1404 1614 aut
1433 1578 1481 1615 de
1501 1593 1541 1615 20

200 1641 341 1687 Satyro.
902 1678 906 1682 .

156 1711 181 1747 3
254 1705 312 1739 De
333 1702 450 1739 hortis
470 1701 584 1739 etiam
604 1708 719 1749 atque
735 1701 848 1739 etiam
870 1716 970 1751 rogo.
1021 1704 1212 1741 Omnibus
1230 1703 1322 1741 meis
1338 1717 1483 1741 eorum-

198 1780 272 1814 que
299 1779 394 1814 quos
421 1765 500 1803 scio
527 1764 619 1801 mihi
646 1778 723 1802 non
752 1767 948 1803 defuturos
976 1767 1218 1805 facultatibus
1239 1767 1323 1817 (sed
1349 1775 1482 1816 potero

197 1829 309 1879 meis>
329 1829 552 1866 enitendum
574 1827 666 1864 mihi
688 1835 753 1866 est.
814 1831 909 1866 Sunt
930 1830 1043 1867 etiam
1064 1843 1162 1878 quae
1182 1832 1346 1868 vendere
1372 1830 1482 1868 facile

196 1892 350 1942 possim.
407 1893 484 1930 Sed
504 1898 544 1928 ut
569 1905 647 1929 non
668 1893 833 1930 vendam
861 1893 972 1941 eique
996 1906 1146 1930 usuram
1174 1895 1340 1942 pendam
1361 1907 1383 1931 a
1403 1907 1480 1942 quo
1502 1905 1539 1937 25

196 1968 325 1993 emero
353 1968 431 1991 non
460 1956 545 2003 plus
574 1968 729 2001 annum,
757 1968 912 2004 possum
941 1956 1100 2005 adsequi
1128 1958 1232 2005 quod
1258 1958 1355 2001 volo,
1382 1956 1411 1993 si
1441 1964 1481 1993 tu

198 2032 258 2056 me
284 2018 451 2056 adiuvas.
510 2018 740 2055 Paratissimi
766 2026 853 2055 sunt
884 2019 1020 2065 Drusi3
1049 2019 1153 2068 cupit
1177 2019 1278 2057 enim
1305 2021 1480 2057 vendere.

198 2082 394 2119 Proximos
429 2089 522 2130 puto
555 2082 733 2127 Lamiae3
773 2083 840 2119 sed
872 2083 990 2120 abest.
1061 2084 1121 2120 Tu
1155 2091 1292 2128 tamen,
1325 2083 1354 2120 si
1388 2082 1481 2131 quid

196 2152 315 2194 potes,
334 2146 504 2182 odorare.
563 2146 623 2182 Ne
650 2145 762 2182 Silius
789 2145 944 2193 quidem
969 2145 1174 2194 quicquam
1198 2146 1313 2183 utitur
1335 2152 1393 2183 *et
1414 2145 1481 2185 iis†

197 2208 318 2245 usuris
353 2208 531 2245 facillime
562 2208 843 2245 sustentabitur.
904 2210 1018 2246 Habe
1048 2216 1154 2245 tuum
1185 2208 1379 2257 negotium
1409 2220 1480 2245 nec
1501 2219 1540 2250 30

243 2318 282 2336 22
307 2312 338 2336 te
356 2317 436 2345 rogo
452 2302 499 2335 Zb
518 2307 601 2337 Crat.
706 2318 747 2346 29
771 2313 802 2338 et
820 2306 874 2337 iis'l
892 2312 924 2337 ct
942 2308 1070 2338 Baitvr:
1095 2309 1162 2338 suis
1180 2314 1212 2338 ct
1230 2309 1256 2338 is
1278 2307 1459 2347 {Vesenbetg
1474 2319 1481 2338 ε

198 2355 229 2379 et
248 2349 328 2379 meis
345 2348 492 2379 Sclnm‘dl
510 2350 572 2379 coll.
593 2349 622 2379 ll.
644 2359 693 2380 22.
714 2360 753 2387 24
