1590 2730
53 122 121 158 XI.
146 123 250 159 xviii
527 127 580 162 M.
612 126 774 162 TVLLI
805 126 1101 163 CICERONIS

172 232 238 268 sed
261 233 333 269 hoc
353 233 536 281 perditius
557 233 594 270 in
616 248 693 282 quo
719 247 821 271 nunc
845 247 928 270 sum
956 233 1033 271 fieri
1060 233 1153 270 nihil
1174 240 1307 281 potest.
1366 234 1454 279 Qua

171 307 209 330 re
238 302 273 331 et
303 309 389 332 eum
414 296 584 334 Antonio
613 299 768 345 loquare
797 297 908 333 velim
938 304 975 334 et
1003 310 1090 333 cum
1125 295 1203 332 istis
1232 303 1269 332 et
1297 308 1385 340 rem,
1412 301 1456 331 ut

170 357 320 405 poteris,
342 359 520 407 expedias
549 367 585 397 et
612 359 704 396 mihi
733 373 847 408 quam
875 359 1039 408 primum
1065 360 1114 396 de
1137 358 1316 396 omnibus
1339 359 1451 395 rebus

168 421 359 458 rescribas.
413 424 516 459 Vale.
575 435 633 459 XII
658 424 741 460 Kal.
766 423 924 470 Quintil.

209 610 316 644 XIX
469 614 537 644 Ser.
557 614 716 644 Brundisi
730 615 767 644 xi
778 615 820 644 K.
838 614 922 644 Sext.
943 624 972 645 a.
994 623 1050 652 707
1069 613 1150 653 (47).
1469 626 1486 656 5

573 711 740 741 CICERO
764 710 930 740 ATTICO
956 710 1051 740 SAL.

134 810 150 836 1
221 797 319 833 Cum
342 795 413 833 tuis
434 797 522 833 dare
543 809 693 844 possem
715 796 855 832 litteras
882 808 959 832 non
983 794 1226 843 praetermisi,
1248 792 1317 831 etsi
1344 794 1449 842 quod

168 858 370 896 scriberem
391 872 467 895 non
489 859 689 895 habebam.
747 860 807 895 Tu
827 859 875 895 ad
897 872 965 895 nos
986 865 1023 894 et
1042 857 1157 894 rarius
1182 856 1313 894 scribis
1333 869 1446 904 quam

168 923 316 959 solebas
345 930 381 959 et
411 922 569 968 brevius,
599 923 713 959 credo
743 921 831 970 quia
860 921 952 958 nihil
979 922 1097 958 habes
1121 921 1226 968 quod
1252 933 1313 957 me
1339 926 1448 968 putes

167 985 326 1022 libenter
355 987 476 1033 legere
506 993 570 1021 aut
600 984 730 1022 audire
761 998 882 1033 posse.
940 986 1082 1021 Verum
1122 991 1247 1020 tamen
1277 982 1389 1019 velim
1417 983 1508 1021 siro

167 1048 258 1095 quid
297 1048 374 1093 erit,
405 1049 684 1096 qualecumque
722 1047 800 1093 erit,
836 1047 987 1085 scribas.
1058 1049 1125 1083 Est
1162 1054 1288 1083 autem
1327 1059 1447 1082 unum

166 1112 270 1158 quod
291 1110 383 1147 mihi
410 1111 455 1147 sit
476 1112 686 1158 optandum
714 1110 743 1147 si
773 1110 865 1158 quid
892 1110 950 1159 agi
974 1112 1022 1147 de
1052 1123 1145 1158 pace
1171 1109 1314 1157 possit;
1343 1109 1447 1157 quod

166 1175 269 1211 nulla
288 1174 465 1222 equidem
492 1175 616 1211 habeo
644 1174 681 1210 in
707 1187 796 1222 spe3
825 1175 892 1211 sed
919 1174 1008 1222 quia
1031 1181 1071 1210 tu
1099 1173 1228 1210 leviter
1255 1173 1446 1210 interdum

165 1236 364 1284 significas,
386 1236 488 1285 cogis
510 1250 569 1273 me
590 1250 738 1284 sperare
759 1238 863 1285 quod
884 1238 1095 1284 optandum
1117 1236 1176 1272 vix
1197 1243 1262 1273 est.

124 1307 147 1333 2
219 1299 444 1336 Philotimus
464 1299 600 1336 dicitur
622 1301 678 1337 Id.
702 1302 799 1337 Sext.
847 1299 951 1336 N'ihil
972 1300 1096 1336 habeo
1117 1300 1165 1336 de
1185 1299 1249 1336 illo
1269 1298 1441 1347 amplius.
1468 1314 1502 1345 15

164 1363 224 1398 Tu
258 1361 370 1398 velim
403 1363 451 1398 ad
485 1375 529 1398 ea
559 1362 651 1398 mihi
682 1362 863 1400 rescribas
894 1376 991 1411 quae
1020 1364 1068 1399 ad
1099 1370 1134 1399 te
1162 1370 1273 1399 antea
1302 1362 1441 1411 scripsi.

166 1424 263 1461 Mihi
292 1432 439 1461 tantum
469 1425 648 1474 temporis
677 1426 766 1463 satis
795 1434 850 1463 est
875 1427 966 1463 dum
998 1433 1038 1462 ut
1067 1425 1104 1462 in
1133 1425 1305 1474 pessimis
1333 1426 1444 1463 rebus

161 1487 305 1536 aliquid
336 1501 489 1525 caveam
521 1488 584 1536 qui
615 1488 708 1525 nihil
746 1502 929 1538 umquam
967 1488 1058 1526 cavi.
1118 1490 1223 1525 Vale.
1280 1500 1323 1525 xi
1358 1490 1442 1526 Kal.

163 1551 287 1588 sextil.

203 1724 286 1757 XX
455 1726 521 1757 Sct'.
542 1727 697 1757 Emmdzsi
708 1729 766 1757 xvi
778 1728 819 1758 K.
841 1728 925 1766 Sept.
946 1738 973 1758 (1.
996 1738 1052 1766 707
1069 1727 1151 1767 (47).
1464 1739 1504 1760 20

566 1824 735 1854 CICERO
759 1824 924 1854 ATTICO
949 1824 1043 1854 SAL.
1100 1855 1105 1857 ,

127 1919 143 1945 1
214 1921 297 1946 xvll
336 1912 381 1946 K.
411 1909 643 1958 Septembris
676 1917 829 1947 venerat
858 1910 919 1947 die
949 1921 1079 1946 xxvlii
1111 1910 1291 1946 Seleucea
1323 1908 1444 1946 Pieria

163 1974 204 2010 (ἶ.
228 1972 396 2010 Treboni
425 1974 575 2009 libertus
601 1973 665 2021 qui
693 1986 732 2010 se
752 1973 989 2010 Antiocheae
1010 1972 1152 2010 diceret
1181 1973 1283 2020 apud
1308 1973 1442 2010 Caesa-

162 2049 238 2072 rem
268 2035 405 2072 vidisse
436 2035 624 2082 Quintum
659 2035 777 2072 filium
811 2049 898 2072 cum
931 2035 1080 2078 Hirtio:
1118 2048 1182 2072 eos
1216 2036 1265 2072 de
1295 2035 1441 2081 Quinto

161 2111 258 2145 quae
291 2098 498 2135 voluissent
529 2098 749 2147 impetrasse
782 2100 887 2135 nullo
916 2098 1071 2146 quidem
1101 2097 1264 2146 negotio.
1324 2098 1441 2144 Quod
1462 2111 1497 2141 25

161 2173 231 2207 ego
261 2160 377 2208 magis
406 2162 609 2209 gauderem
639 2161 668 2197 si
698 2161 767 2197 ista
796 2160 906 2197 nobis
936 2160 1133 2209 impetrata
1162 2160 1366 2208 quicquam
1392 2161 1441 2197 ad

203 2270 220 2287 2
246 2264 279 2288 ut
304 2260 374 2290 add.
400 2264 467 2290 vell.
600 2271 616 2298 7
640 2262 727 2298 quod
752 2261 894 2291 Ernesti:
929 2261 1006 2299 quid
1034 2261 1119 2291 codd.
1252 2270 1289 2290 10
1311 2261 1337 2290 si
1366 2260 1438 2291 add.

161 2301 330 2330 Asccnsins
461 2313 495 2340 17
521 2307 648 2332 tantum
673 2304 831 2341 temporis
855 2304 920 2332 secl.
944 2303 1119 2342 Sternkopf
1238 2313 1277 2340 23
1300 2303 1440 2333 Treboni

161 2343 297 2373 libertus
314 2343 458 2372 Schmidt
474 2355 480 2373 z
503 2345 654 2374 Treboni.
674 2355 692 2374 u
711 2344 768 2374 M:
791 2345 973 2375 Trebonius
989 2346 1074 2384 vulg.
