1590 2730
72 25 90 41 θ

79 151 146 186 XI.
169 151 229 186 xii
535 153 587 188 M.
619 153 780 189 TVLLI
811 152 1106 190 CICERONIS

185 266 341 305 ceteros,
375 259 404 297 si
436 261 527 309 quid
562 260 750 298 videbitur
783 259 850 297 tibi
884 273 981 309 opus
1014 273 1106 306 esse,
1137 260 1249 297 velim
1284 259 1397 298 facias
1429 260 1468 298 id

185 324 290 370 quod
311 336 422 371 saepe
443 323 571 361 fecisti.
632 323 736 360 Nihil
757 323 858 360 enim
882 323 974 360 mihi
995 323 1096 360 venit
1117 323 1155 360 in
1177 331 1343 361 mentem
1364 325 1469 372 quod

185 386 428 423 scribendum
447 394 587 434 putem.
637 387 754 433 Quod
775 400 835 423 me
855 386 963 424 audis
984 386 1204 424 erectiorem
1226 399 1307 424 esse
1326 386 1466 432 animo,

184 450 277 498 quid
298 458 406 498 putas
431 464 517 487 cum
537 450 666 487 videas
690 450 893 487 accessisse
916 452 965 487 ad
986 450 1196 498 superiores
1216 449 1469 499 aegritudines

184 515 392 560 praeclaras
412 513 538 561 generi
558 513 756 550 actiones?
802 515 862 549 Tu
883 521 1010 550 tamen
1031 513 1143 550 velim
1165 527 1212 550 ne
1232 512 1466 559 intermittas,
1489 524 1504 553 5

184 577 289 624 quod
316 576 395 613 eius
423 578 543 613 facere
572 576 722 624 poteris,
751 576 914 613 scribere
942 578 991 613 ad
1020 589 1092 621 me,
1115 576 1227 613 etiam
1257 575 1287 612 si
1315 589 1393 612 rem
1421 577 1469 613 de

184 651 259 687 qua
288 639 427 676 scribas
459 652 536 676 non
568 639 737 676 habebis.
800 641 957 687 Semper
987 638 1088 676 enim
1122 640 1297 675 adferunt
1325 637 1468 686 aliquid

185 702 277 738 mihi
302 710 388 739 tuae
412 702 565 739 litterae.

238 765 417 802 Galeonis
447 765 695 802 hereditatem
723 764 832 802 crevi.
892 767 989 802 Puto
1019 765 1119 802 enim
1147 764 1354 802 cretionem
1385 764 1470 801 sim—

185 827 323 876 plicem
351 827 475 873 fuisse,
499 827 680 876 quoniam
709 829 759 864 ad
789 841 848 865 me
878 829 981 864 nulla
1010 827 1123 865 missa
1151 835 1217 865 est.
1276 839 1347 863 vlu
1375 828 1468 864 Idus
1490 841 1527 863 10

186 890 353 927 Martias.

227 984 340 1018 XIII
395 986 479 1017 .Sc›·.
500 986 736 1017 Brund1's1‘circ.
755 986 834 1017 med.
855 997 897 1016 m.
918 986 1013 1017 Illarl.
1033 997 1062 1017 a.
1084 996 1141 1025 707
1159 987 1242 1026 (47).

593 1062 761 1091 CICERO
786 1061 951 1091 ATTICO
977 1061 1069 1092 SAL.

236 1136 271 1171 A
302 1135 486 1171 Murenae
523 1134 658 1171 liberto
695 1134 789 1170 nihil
826 1135 953 1171 adhuc
989 1147 1210 1182 acceperam
1248 1133 1463 1171 litterarum.

184 1199 223 1234 P.
254 1197 353 1234 Siser
381 1197 597 1235 reddiderat
628 1211 690 1234 eas
722 1197 860 1246 quibus
893 1197 1068 1234 rescribo.
1131 1199 1190 1234 De
1219 1197 1321 1234 Servi
1352 1197 1466 1245 patris
1488 1212 1523 1244 15

183 1260 313 1297 litteris
338 1262 441 1308 quod
468 1260 609 1306 scribis,
632 1261 721 1297 item
744 1260 931 1307 Quintum
959 1260 996 1296 in
1024 1260 1167 1308 Syriam
1191 1260 1338 1298 venisse
1362 1263 1466 1309 quod

182 1323 236 1360 ais
261 1336 342 1360 esse
369 1323 432 1371 qui
459 1323 645 1369 nuntient,
669 1337 716 1360 ne
740 1323 778 1360 id
799 1323 954 1371 quidem
976 1336 1105 1360 verum
1130 1331 1196 1361 est.
1256 1325 1372 1371 Quod
1393 1338 1467 1361 cer-

183 1386 317 1423 tiorem
344 1394 380 1424 te
406 1386 459 1423 vis
489 1386 567 1423 fieri
591 1399 668 1434 quo
697 1386 858 1435 quisque
887 1386 925 1422 in
955 1399 1016 1424 me
1045 1387 1173 1424 animo
1200 1387 1246 1424 sit
1269 1396 1332 1424 aut
1356 1388 1466 1425 fuerit

183 1463 314 1487 eorum
345 1450 409 1498 qui
443 1451 517 1486 huc
548 1457 742 1495 venerunt,
773 1450 966 1487 nerninem
1000 1450 1125 1487 alieno
1156 1450 1331 1488 intellexi.
1390 1453 1465 1488 Sed

183 1520 367 1560 quantum
406 1512 445 1549 id
478 1526 562 1549 mea
599 1512 744 1550 intersit
777 1512 988 1550 existimare
1019 1520 1055 1550 te
1088 1526 1201 1561 posse
1238 1521 1340 1550 certo
1374 1514 1461 1551 scio.
1486 1528 1524 1549 20

185 1575 283 1611 Mihi
303 1588 390 1612 cum
414 1576 543 1612 omnia
563 1576 637 1612 sint
657 1576 907 1613 intolerabilia
926 1577 975 1613 ad
996 1577 1179 1622 dolorem,
1201 1584 1280 1613 tum
1303 1577 1465 1614 maxime

183 1640 288 1686 quod
314 1638 352 1674 in
379 1651 461 1675 eam
489 1652 641 1676 causam
669 1639 816 1677 venisse
847 1653 906 1678 me
933 1639 1046 1677 video
1072 1647 1112 1677 ut
1139 1641 1218 1677 sola
1244 1640 1349 1677 utilia
1373 1640 1465 1677 mihi

183 1714 265 1739 esse
285 1701 483 1739 videantur
503 1715 600 1750 quae
621 1716 769 1752 semper
789 1704 904 1742 nolui.

237 1767 275 1801 P.
295 1767 499 1802 Lentulum
516 1775 659 1815 patrem
678 1768 808 1805 Rhodi
824 1782 906 1806 esse
925 1768 1041 1814 aiunt,
1057 1769 1317 1805 Alexandreae
1333 1767 1462 1814 filium,

185 1830 405 1877 Rhodoque
434 1831 712 1868 Alexandream
743 1833 784 1870 C.
815 1832 990 1870 Cassium
1024 1833 1235 1880 profectum
1267 1844 1348 1868 esse
1378 1845 1465 1868 con·
1486 1847 1521 1877 25

143 1902 166 1928 2
184 1900 266 1929 stat.
316 1893 482 1940 Quintus
503 1895 595 1931 mihi
615 1909 681 1944 per
696 1896 836 1933 litteras
857 1896 944 1932 satis
965 1895 1053 1932 facit
1074 1897 1193 1932 multo
1212 1895 1464 1944 asperioribus

182 1957 305 1994 verbis
334 1970 448 2005 quarn
482 1972 569 1996 cum
603 1959 821 2008 gravissime
853 1959 1066 1996 accusabat.
1124 1958 1188 1995 Ait
1221 1958 1322 1996 enirn
1352 1972 1391 1995 se
1420 1971 1464 1996 ex

181 2020 311 2057 litteris
338 2021 409 2058 tuis
436 2022 652 2071 intellegere
677 2022 745 2059 tibi
772 2035 849 2059 non
876 2024 1024 2070 placere
1047 2022 1151 2069 quod
1177 2022 1226 2058 ad
1251 2022 1389 2058 multos
1415 2023 1464 2058 de

182 2096 242 2120 me
274 2085 442 2133 asperius
477 2085 674 2134 scripserit,
702 2085 830 2133 itaque
864 2098 903 2122 se
936 2084 1127 2133 paenitere
1156 2085 1260 2132 quod
1293 2084 1462 2121 animum

182 2155 289 2184 tuum
324 2148 546 2194 offenderit3
586 2150 653 2186 sed
687 2162 726 2186 se
760 2148 838 2185 iure
875 2147 1018 2185 fecisse.
1083 2147 1234 2185 Deinde
1267 2147 1463 2195 perscribit
1483 2158 1521 2188 30

221 2259 240 2286 4
264 2249 442 2278 accessisse
469 2248 575 2278 Mam:
610 2249 776 2286 accepisse
802 2247 842 2276 M
975 2258 1016 2277 ρο
1040 2251 1129 2277 certo
1159 2246 1225 2276 Os:
1259 2251 1348 2276 certe
1364 2246 1467 2276 RPM

179 2291 206 2319 L
226 2294 344 2328 (marg.
366 2314 373 2328 ,
393 2291 428 2327 cf.
449 2291 490 2320 ix,
512 2301 527 2328 7
540 2291 559 2319 b
575 2300 594 2318 2
722 2300 757 2319 21
785 2295 859 2319 sunt
877 2288 967 2319 Man.
1087 2299 1126 2318 22
1150 2294 1183 2318 ut
1200 2299 1239 2319 ea
1255 2289 1325 2319 sola
1342 2289 1457 2319 Lamb.

178 2343 219 2370 29
242 2332 409 2370 scripserit
426 2332 541 2362 Bost'ns
555 2344 561 2362 :
585 2333 714 2370 scripsit
730 2331 767 2360 M
1276 2342 1279 2343 ⁷
