1590 2730
469 159 577 196 EPP.
608 158 683 194 AD
712 156 963 195 ATTICVM
1318 157 1385 192 IX.
1408 155 1451 190 xi

85 270 123 308 in
143 272 214 308 hac
234 268 384 307 miseria
402 266 455 305 rei
473 265 650 316 publicae
675 265 861 302 πολιτικὸν
879 276 975 312 opus
1002 264 1148 301 efficere
1172 270 1209 300 et
1237 275 1373 299 navare

83 333 178 371 mihi
206 332 341 370 liceat!
398 329 541 367 Matius
569 327 726 376 quidem
752 334 789 365 et
817 326 923 363 illum
950 326 988 363 in
1015 339 1059 363 ea
1082 325 1270 363 sententia
1289 339 1371 363 esse

83 396 304 434 confidebat
322 401 359 432 et
379 406 419 431 se
438 399 632 430 auctorem
652 392 731 428 fore
750 389 1011 439 pollicebatur.

136 458 264 496 Pridie
299 464 427 494 autem
463 456 567 504 apud
604 467 666 491 me
704 453 898 502 Crassipes
931 453 1051 489 fuerat
1082 451 1147 500 qui
1180 465 1219 489 se
1252 451 1372 500 pridie
1394 456 1419 494 3

48 523 186 563 5N0n.
221 520 378 558 Martias
416 517 621 556 Brundisio
657 518 870 566 profectum
903 522 1018 564 atque
1055 514 1107 552 ibi
1146 515 1374 563 Pompeium

83 583 279 633 reliquisse
308 583 469 628 dicebat,
493 582 598 630 quod
627 580 740 618 etiam
770 579 835 628 qui
864 591 936 616 vm
965 580 1058 616 Idus
1084 578 1187 615 illinc
1216 577 1375 627 profecti

83 655 190 686 erant
217 647 445 684 nuntiabant
462 660 472 692 3
500 645 563 682 illa
590 657 679 681 vero
710 657 844 681 omnes
878 643 916 679 in
946 642 1084 691 quibus
1118 642 1232 679 etiam
1268 643 1375 680 Cras-

84 711 185 760 sipes
205 710 270 759 qui
279 717 355 759 pro
374 708 577 759 prudentia
596 707 720 758 potuit
747 709 952 752 attendere,
976 720 1170 744 sermones
1200 706 1370 751 minacis,

83 773 259 812 inimicos
289 773 544 822 optimatium,
574 771 870 819 municipiorum
902 771 1031 815 hostis,
1063 783 1184 807 meras
1217 769 1374 818 proscri-

27 851 64 873 10
81 838 243 887 ptiones,
258 850 382 874 meros
399 838 519 874 Sullas
529 850 539 882 3
558 848 655 884 quae
670 834 878 871 Lucceium
891 833 1005 882 loqui,
1016 847 1113 882 quae
1126 841 1244 870 totam
1261 834 1374 870 Grae-

82 901 192 947 ciam,
210 913 308 949 quae
321 912 410 937 vero
430 900 709 947 Theophanem
728 901 734 935 ἔ
779 900 827 935 Et
843 905 970 935 tamen
991 897 1115 934 omnis
1136 910 1220 945 spes
1241 896 1371 933 salutis
1388 905 1415 941 4

82 964 120 1001 in
150 964 221 1001 illis
250 971 306 1001 est
337 970 374 1000 et
403 976 473 1011 ego
502 963 652 999 excubo
685 961 815 999 animo
844 974 916 998 nec
944 968 1089 1010 partem
1118 962 1232 997 ullam
1262 959 1372 1008 capio

83 1027 219 1076 quietis
235 1034 282 1073 et,
297 1034 338 1063 ut
350 1027 418 1063 has
438 1025 554 1074 pestis
571 1024 758 1073 effugiam,
774 1037 861 1061 curn
881 1023 1142 1061 dissimillimis
1157 1023 1275 1061 nostri
1291 1036 1373 1060 esse

83 1089 197 1138 cupio
216 1093 222 1127 ἔ
279 1089 384 1136 Quid
405 1088 508 1126 enim
529 1095 569 1125 tu
589 1087 665 1125 illic
689 1087 920 1136 Scipionem,
943 1087 1036 1135 quid
1063 1088 1256 1132 Faustum,
1279 1086 1373 1134 quid

27 1168 64 1199 15
84 1153 273 1190 Libonem
302 1151 655 1201 praetermissurum
676 1150 826 1188 sceleris
846 1157 956 1199 putas
977 1163 1139 1198 quorum
1166 1149 1372 1187 creditores

83 1215 286 1254 convenire
307 1215 513 1253 dicuntur?
542 1214 634 1262 quid
655 1227 720 1251 eos
746 1221 885 1259 autem,
909 1226 995 1250 cum
1024 1212 1190 1258 vicerint,
1213 1212 1252 1249 in
1281 1212 1372 1250 civis

82 1280 313 1317 effecturos?
363 1291 477 1327 quam
515 1290 604 1314 vero
649 1278 890 1327 μικροψυχίαν
927 1276 1050 1313 Gnaei
1096 1275 1214 1313 nostri
1259 1277 1373 1314 esse?

83 1342 272 1379 Nuntiant
297 1343 513 1390 Aegyptum
543 1347 580 1377 et
609 1340 790 1377 Arabiam
811 1341 998 1388 εὐδαίμονα
1023 1347 1060 1377 et
1086 1341 1374 1388 Μεσοποταμίαν

82 1406 258 1454 cogitare,
280 1405 353 1442 iam
377 1403 606 1452 Hispaniam
626 1404 821 1441 abiecisse.
881 1405 1054 1440 Monstra
1069 1411 1220 1441 narrant
1236 1417 1246 1451 3
1273 1416 1374 1452 quae

26 1485 64 1506 20
83 1470 175 1506 falsa
208 1481 289 1506 esse
326 1475 486 1517 possunt
517 1469 585 1504 sed
623 1474 723 1505 certe
761 1475 798 1504 et
828 1468 922 1504 haec
950 1467 1098 1516 perdita
1128 1474 1215 1504 sunt
1243 1474 1280 1504 et
1309 1467 1374 1504 illa

83 1545 162 1570 non
200 1531 384 1569 salutaria.
441 1532 545 1568 Tuas
582 1530 723 1568 litteras
760 1530 835 1567 iam
873 1530 1058 1568 desidero.
1118 1532 1208 1567 Post
1245 1532 1372 1579 fugam

83 1602 252 1633 nostram
290 1607 500 1642 numquam
539 1594 614 1630 iam
652 1601 800 1630 tantum
838 1607 966 1631 earum
1008 1593 1245 1630 intervallum
1290 1594 1369 1631 fuit.

85 1659 177 1696 Misi
208 1659 258 1696 ad
295 1665 331 1695 te
368 1658 585 1705 exemplum
624 1656 829 1694 litterarum
874 1670 1043 1694 mearum
1080 1658 1129 1694 ad
1167 1657 1369 1695 Caesarem

83 1721 223 1770 quibus
251 1734 313 1758 me
340 1719 485 1768 aliquid
513 1720 768 1768 profecturum
799 1726 901 1768 puto.

126 1842 142 1870 7
168 1832 222 1861 illa
238 1831 278 1860 M
293 1832 344 1870 (sc.
365 1841 526 1859 sermones
543 1831 675 1859 minacis·
690 1830 874 1869 711111l1'ant):
900 1830 990 1859 illinc
1008 1830 1081 1859 coni.
1102 1830 1227 1868 Kayser
1298 1833 1302 1837 ’
1349 1831 1369 1859 8

82 1873 136 1912 qui
161 1884 219 1912 pro
243 1874 415 1912 prudentia
434 1873 538 1911 potuit
559 1873 730 1902 attendere
747 1871 885 1911 Madvzg
900 1873 1069 1902 Lehmann
1090 1872 1157 1905 (sed
1177 1874 1204 1901 is
1227 1882 1286 1910 pro
1310 1882 1368 1902 sua

83 1917 215 1954 prud.):
249 1916 302 1954 qui
331 1915 506 1954 prudentia
534 1916 644 1952 potius
669 1915 842 1944 attendere
866 1914 920 1944 M:
955 1915 1008 1952 qui
1033 1916 1239 1952 prudentiam
1258 1916 1367 1952 potius

81 1959 275 1988 ostenderet
291 1958 368 1988 coni.
386 1957 468 1986 Boot
574 1958 610 1985 18
634 1961 665 1986 et
683 1958 920 1992 Μεσοποταμίαν
936 1967 964 1986 v.
980 1968 1001 1986 c.
1021 1957 1052 1985 P
1065 1956 1174 1985 codices
1190 1957 1270 1986 Bosi
1285 1956 1366 1986 Crat.

85 2001 153 2035 (sed
167 2001 193 2029 is
209 2005 241 2029 et
259 1999 569 2038 Mesopotamiam):
594 2009 658 2028 om.
676 1999 707 2028 R
724 2002 752 2027 ct
767 2004 793 2027 Δ
894 2008 930 2036 19
954 1999 1015 2027 iam
1031 1997 1232 2038 chsenbeyg:
1259 2000 1291 2028 in
1309 1998 1366 2030 M:

84 2041 208 2071 Italiam
230 2046 263 2071 et
285 2040 450 2071 Schmidt:
474 2042 506 2070 in
531 2041 805 2079 transponendum
828 2044 899 2070 mlle
923 2040 1113 2078 Aegyptum
1128 2042 1160 2080 (l.
1191 2042 1241 2075 18)
1266 2041 1368 2079 suspi-

82 2088 174 2113 catur
185 2083 268 2113 Reid
445 2093 485 2112 22
510 2083 572 2113 iam
589 2087 715 2113 tantum
732 2083 898 2112 Muretus:
923 2083 985 2112 iarn
1002 2087 1153 2113 nostrum
1170 2083 1255 2113 codd.
1271 2094 1276 2113 z
1301 2088 1367 2113 tam

82 2125 216 2165 longum
235 2125 398 2156 Corradus
