1790 2730
596 112 704 147 EPP.
737 111 812 146 AI)
842 109 1093 146 ATTICVM
1397 108 1502 143 XIV.
1526 105 1629 142 xviii

8 201 160 285 Ψ
200 235 286 272 ae-re
304 221 430 269 aheno
450 218 585 257 Faberi
614 230 729 255 manu
758 215 923 254 liberarit
952 223 988 253 et
1015 227 1128 264 opem
1154 214 1202 252 ab
1224 215 1309 263 Ope
1328 213 1485 263 petierit.

202 284 309 322 Licet
328 284 430 322 enim
451 281 575 328 iocari,
599 294 646 318 ne
673 293 734 317 me
754 280 864 316 valde
890 279 1159 315 conturbatum
1184 285 1303 326 putes.
1361 279 1489 325 Atque

201 361 271 396 ego
296 349 345 385 ad
372 360 459 385 eum
480 357 551 382 V111
577 346 670 382 Idus
699 343 839 380 litteras
870 343 1050 379 dederam
1078 342 1177 378 bene
1206 353 1327 385 mane,
1351 341 1487 377 eodem

200 418 327 448 autem
358 410 420 448 die
450 418 533 447 tuas
570 408 710 445 litteras
741 405 887 455 vesperi
924 418 1145 453 acceperam
1183 403 1221 440 in
1254 403 1489 452 Pompeiano

164 486 179 515 5
200 487 291 511 sane
318 473 488 511 celeriter
515 471 626 509 tertio
653 471 721 507 abs
751 477 787 507 te
816 469 887 507 die.
947 471 1033 514 Sed,
1055 476 1095 505 ut
1121 469 1170 505 ad
1197 475 1233 504 te
1259 480 1305 504 eo
1325 466 1407 515 ipso
1427 466 1489 503 die
1582 510 1589 516 ι
1655 509 1664 516 ¹

200 537 432 586 scripseram,
472 535 560 572 satis
600 535 790 582 &QOES
827 534 877 570 ad
917 532 1157 568 Dolabellam
1195 531 1335 567 litteras
1373 529 1461 567 dedi
1480 544 1490 575 ,-
1516 522 1703 595 Q

200 613 296 648 quae
324 600 353 637 si
381 599 475 636 nihil
498 597 739 647 profecerint,
762 604 855 645 puto
882 597 960 632 fore
990 602 1029 631 ut
1056 608 1117 631 me
1145 601 1383 643 praesentem
1409 606 1488 629 non

200 663 391 700 sustineat.

252 725 459 763 Albianum
479 732 516 762 te
536 723 745 761 confecisse
765 722 932 759 arbitror.
994 723 1052 757 De
1073 719 1294 757 Patulciano
1317 718 1484 763 nomine,
1505 729 1528 757 2
1655 748 1746 787 ω

146 802 182 823 10
200 789 304 837 quod
342 770 464 824 mihi
467 786 758 836 isuspendiatus
796 789 885 829 est†‚
918 783 1171 832 gratissimum
1204 790 1259 820 est
1293 789 1329 819 et
1366 781 1488 818 simile
1518 768 1675 855 m&

199 859 350 888 tuorum
388 850 571 887 omnium.
644 850 719 887 Sed
757 862 827 897 ego
866 847 1122 915 Erotemst„⁸
1145 845 1216 882 ista
1252 845 1489 894 expedienda
1518 819 1640 894 44’4
1680 818 1743 874 Ἴ

199 916 340 951 factum
361 913 454 950 mihi
473 913 630 950 videbar
649 912 868 960 reliquisse,-
895 910 1001 947 cuius
1022 923 1100 946 non
1120 909 1201 946 sine
1221 922 1358 957 magna
1377 910 1490 956 culpa

223 977 430 1014 acillarunt.
488 977 563 1014 Sed
583 989 671 1012 cum
692 974 775 1023 ipso
795 974 935 1011 videro
1042 957 1132 1023 ἒ]
1149 961 1434 1007 “Q->fw-

253 1042 313 1077 De
344 1041 545 1085 Montano,
580 1045 621 1075 ut
654 1051 767 1086 saepe
799 1037 848 1073 ad
881 1043 918 1073 te
950 1034 1091 1084 scripsi,
1124 1034 1193 1072 erit
1222 1034 1291 1072 tibi
1321 1042 1401 1071 tota
1430 1046 1487 1071 res
1506 1043 1530 1079 3

145 1115 179 1146 15
199 1116 321 1141 curae.
370 1102 519 1140 Servius
539 1101 784 1151 proficiscens
803 1100 909 1148 quod
928 1100 1172 1147 desperanter
1191 1105 1317 1135 tecum
1338 1099 1487 1134 locutus

200 1174 256 1204 est
279 1165 436 1203 minime
462 1165 576 1202 miror
604 1159 729 1212 neque
757 1163 791 1200 ei
821 1162 1025 1211 quicquam
1052 1161 1090 1198 in
1116 1161 1380 1210 desperatione
1401 1174 1489 1198 con-

200 1230 306 1267 cedo.
365 1231 503 1265 Brutus
532 1235 669 1272 noster,
692 1225 888 1275 singularis
914 1225 977 1269 vir,
1007 1224 1036 1261 si
1062 1224 1101 1261 in
1127 1232 1301 1261 senatum
1325 1238 1402 1261 non
1432 1232 1487 1261 est
1505 1233 1532 1270 4

203 1288 286 1330 Kal.
310 1291 430 1329 Iuniis
449 1298 638 1335 venturus,
662 1290 755 1338 quid
778 1291 943 1326 facturus
970 1288 1016 1325 sit
1042 1288 1080 1324 in
1107 1289 1188 1325 foro
1214 1288 1354 1325 nescio.
1412 1289 1488 1325 Sed

200 1356 274 1392 hoc
292 1354 374 1403 ipse
393 1353 538 1391 melius.
597 1355 680 1401 Ego
699 1366 744 1389 ex
764 1352 807 1389 iis
828 1365 925 1400 quae
951 1350 1071 1400 parari
1090 1350 1203 1387 video
1226 1364 1304 1387 non
1326 1352 1487 1387 multum

143 1434 182 1456 20
201 1418 334 1455 Idibus
357 1417 503 1453 Martiis
523 1418 735 1465 profectum
757 1415 894 1452 iudico.
945 1416 1080 1462 Itaque
1100 1415 1148 1451 de
1169 1413 1328 1451 Graecia
1347 1413 1488 1450 cotidie

199 1480 316 1529 magis
345 1487 382 1517 et
411 1479 528 1528 magis
557 1479 693 1528 cogito.
752 1480 835 1515 Nec
859 1477 960 1515 enim
983 1479 1100 1514 Bruto
1129 1490 1215 1514 meo
1242 1477 1424 1522 exsilium,
1448 1484 1488 1514 ut

198 1543 350 1581 scribit
342 1556 432 1591 ipse,
451 1542 649 1580 meditanti
666 1542 778 1579 video
792 1541 884 1590 quid
900 1542 1080 1589 prodesse
1096 1541 1249 1588 possim.
1292 1540 1487 1578 Leonidae

199 1621 259 1644 me
279 1607 423 1643 litterae
444 1620 522 1643 non
543 1606 630 1643 satis
651 1607 897 1643 delectarunt.
940 1606 998 1641 De
1016 1605 1174 1641 Herode
1195 1603 1262 1640 tibi
1282 1604 1484 1641 adsentior.

6 1650 325 1713 amem-»Saufei
362 1670 496 1719 legisse
528 1671 675 1707 vellem.
734 1671 815 1717 Ego
847 1682 890 1706 ex
925 1667 1160 1716 Pompeiano
1194 1679 1232 1704 Vi
1266 1669 1358 1705 Idus
1394 1667 1484 1704 Mai.

143 1749 179 1780 25
200 1733 425 1782 cogitabam.

240 1839 347 1872 XIX
467 1841 533 1871 Ssr.
553 1842 586 1870 1'11
603 1841 799 1880 Pompeiano
821 1841 876 1870 711'1'1'
889 1840 935 1871 Id.
956 1839 1034 1871 Μαί.
1055 1851 1109 1878 ylo
1128 1841 1209 1879 44).

590 1917 760 1946 CICERO
791 1916 959 1946 ATTICO
991 1915 1093 1946 SAL.

248 1987 371 2024 Nonis
393 1987 505 2024 Maiis
525 2000 613 2024 curn
634 2000 756 2024 essem
780 1986 817 2022 111
840 1986 1085 2034 PompeianO,
1108 1986 1238 2034 accepi
1265 1985 1372 2023 binas
1399 1999 1419 2022 a
1446 1994 1482 2023 te
1501 1998 1517 2024 1

195 2050 346 2097 litteras,
381 2052 514 2088 alteras
552 2058 657 2087 sexto
691 2050 762 2095 die,
798 2052 931 2086 alteras
966 2057 1109 2097 quarto.
1179 2051 1240 2086 Ad
1274 2050 1519 2110 superiores-Y

141 2127 179 2156 30
197 2112 306 2161 igitur
338 2113 450 2161 prius.
486 2091 645 2160 *Quam
682 2112 773 2149 mihi
808 2112 1017 2164 iquum
1052 2120 1265 2160 opportune
1297 2113 1364 2148 tibi
1399 2115 1484 2149 Bar·
1639 2099 1740 2171 ⁰⁰7²

701 2156 776 2167 ...κ

242 2226 254 2245 1
282 2215 354 2253 Ope
379 2215 491 2245 Cobet:
515 2226 554 2244 eo
577 2215 659 2246 codd,
681 2224 707 2231 ·‘
752 2225 788 2243 10
813 2215 1017 2252 suppetiatus
1048 2224 1083 2242 es
1109 2213 1372 2252 Montagnanus:
1408 2226 1483 2253 sup-
1532 2177 1781 2268 Q

197 2258 384 2297 peditavisti
417 2258 490 2287 coni.
528 2257 726 2296 IVescnbctg:
752 2257 1013 2286 succenturiatus
1038 2266 1073 2285 es
1098 2256 1233 2285 Miillvr:
1260 2262 1290 2285 tu
1318 2258 1484 2295 dispensa-

196 2301 270 2329 visti
287 2299 370 2329 Reid
498 2309 530 2329 11
559 2299 691 2330 Erotem
710 2299 758 2329 C:
781 2309 925 2329 errorem
944 2298 983 2327 M
1109 2309 1148 2328 22
1172 2300 1281 2328 scribit
1301 2299 1484 2330 Corradus:

197 2342 312 2372 scribis
330 2341 370 2371 M
1224 2350 1238 2361 ⁸

1341 2383 1403 2413 33*
