1590 2730
534 131 642 171 EPP.
674 131 749 167 AD
778 130 1028 167 ATTICVM
1349 130 1416 165 IX.
1437 130 1485 174 ix,

127 248 299 273 meorum
328 250 453 286 neque
481 244 610 274 tamen
638 238 687 275 de
715 244 751 275 te
772 236 837 285 qui
865 236 1028 274 maxime
1051 249 1158 274 meus
1186 249 1220 273 es
1240 235 1413 284 cogitavi.

126 299 301 337 Sciebam
322 300 423 337 enim
444 307 480 338 te
503 303 642 348 ‘quoto
667 302 792 338 anno'
813 308 849 337 et
873 304 1080 348 ‘quantum
1109 299 1148 336 in
1168 301 1272 337 solo'
1293 300 1414 336 solere

124 375 304 411 quaerere
336 377 460 412 neque
493 365 615 401 solum
655 365 804 401 Romae
834 364 901 400 sed
934 363 1047 400 etiam
1079 362 1167 399 Deli
1200 369 1307 399 tuum
1345 362 1412 398 διά-

122 442 271 475 γραμμα
298 425 476 464 videram.
534 428 677 464 Verum
711 433 838 463 tamen
869 439 938 474 ego
967 425 1075 472 illud,
1095 438 1327 474 quamquam
1357 432 1413 462 est

86 489 276 534 5bellum,
315 489 471 527 minoris
516 489 676 527 aestimo
714 502 828 538 quam
872 489 1142 526 aestimabatur
1187 487 1412 525 Marcellino

121 552 291 597 consule,
311 564 398 589 cum
427 565 497 600 ego
526 552 617 590 istos
645 553 815 589 hortulos
844 559 997 600 propter
1024 552 1183 588 domum
1213 550 1408 599 antiquam

119 628 231 662 quam
268 623 349 653 turn
393 617 583 653 habebam
624 615 866 653 iucundiores
908 614 1000 651 mihi
1037 616 1115 651 fore
1153 615 1333 663 putabam
1372 621 1408 652 et

120 678 266 717 minore
299 680 472 728 impensa
505 692 619 728 quam
653 679 684 716 si
717 681 979 716 Tusculanum
1010 678 1234 715 refecissem.
1291 677 1407 715 Volui

120 743 199 779 HS.
223 744 269 790 Q.
328 742 398 791 Egi
426 756 492 791 per
519 743 702 791 †predum
734 742 795 779 ille
825 744 931 780 daret
959 741 1053 779 tanti
1081 745 1222 790 quom†
1251 741 1407 778 haberet

63 816 100 839 10
117 807 259 843 venale.
318 805 460 843 Noluit.
519 807 593 843 Sed
618 819 720 843 nunc
747 805 876 842 omnia
895 805 965 842 ista
993 805 1114 842 iacere
1142 812 1234 853 puto
1254 812 1407 853 propter

116 881 360 906 nummorum
389 869 593 906 caritatem.
653 869 751 905 Mihi
789 869 943 917 quidem
981 868 1050 905 erit
1079 868 1315 916 aptissimum
1347 868 1405 904 vel

115 932 227 969 nobis
259 932 384 981 potius
416 932 445 969 si
476 940 516 969 tu
549 932 707 978 emeris;
747 933 814 969 sed
843 932 922 969 eius
953 933 1164 969 dementias
1195 945 1285 969 cave
1318 945 1405 969 con-

115 1002 274 1033 temnas.
329 997 452 1033 Valde
472 1004 528 1033 est
547 1004 759 1032 venustum.
807 997 1051 1044 Quamquam
1073 995 1163 1032 mihi
1185 995 1255 1032 ista
1275 995 1404 1033 onmia

114 1057 188 1095 iam
208 1058 362 1096 addicta
380 1058 542 1096 vastitati
562 1058 746 1096 videntur.

58 1133 95 1164 15
167 1121 366 1170 Respondi
400 1121 570 1170 epistulis
608 1121 726 1159 tribus
756 1123 823 1159 sed
855 1129 1033 1170 exspecto
1065 1122 1155 1159 alias
1173 1137 1182 1169 ,-
1222 1135 1311 1160 nam
1340 1135 1402 1160 me

112 1184 238 1221 adhuc
259 1191 345 1221 tuae
365 1184 509 1222 litterae
529 1192 799 1222 sustentarunt.
856 1187 903 1222 D.
927 1185 1176 1223 Liberalibus.

153 1356 195 1390 X
391 1359 456 1392 Scr.
477 1362 508 1391 in
526 1361 702 1392 Formiano
716 1371 758 1392 xv
773 1361 814 1392 Κ.
833 1361 915 1401 Apr.
936 1373 964 1393 a.
985 1372 1037 1401 705
1051 1363 1135 1403 (49).

507 1474 672 1505 CICERO
696 1475 870 1505 ATTICO
892 1474 996 1505 SAL.

162 1542 267 1580 Nihil
289 1545 477 1582 habebam
499 1547 603 1594 quod
631 1545 842 1582 scriberem.
902 1547 1039 1593 Neque
1065 1545 1167 1582 enim
1188 1546 1275 1584 novi
1297 1547 1399 1595 quic·
1417 1558 1432 1586 1

53 1617 91 1639 20
109 1618 223 1654 quam
244 1607 436 1644 audieram
458 1616 493 1645 et
520 1609 568 1645 ad
589 1616 671 1645 tuas
698 1608 821 1645 omnis
851 1608 1112 1656 rescripseram
1133 1609 1263 1658 pridie.
1322 1613 1397 1649 Sed

108 1681 195 1705 cum
227 1683 287 1707 me
316 1671 513 1719 aegritudo
550 1685 627 1709 non
666 1672 788 1708 solum
827 1684 963 1708 somno
996 1671 1156 1720 privaret
1186 1686 1315 1710 verum
1350 1688 1397 1712 ne

106 1731 257 1780 vigilare
273 1734 428 1782 quidem
445 1735 526 1772 sine
543 1748 693 1773 summo
710 1736 842 1772 dolore
862 1742 1061 1783 pateretur,
1081 1743 1206 1773 tecum
1228 1745 1268 1774 ut
1289 1739 1396 1787 quasi

106 1795 290 1844 loquerer,
310 1796 349 1833 in
369 1810 446 1845 quo
466 1811 544 1835 uno
563 1798 780 1847 acquiesco,
800 1799 873 1836 hoc
900 1798 1029 1836 nescio
1055 1799 1147 1847 quid
1168 1801 1273 1838 nullo
1292 1814 1396 1851 argu-

106 1866 236 1896 mento
256 1860 450 1908 proposito
470 1861 631 1899 scribere
652 1861 805 1899 institui.

150 1967 163 1986 1
190 1968 226 1988 es
242 1958 315 1989 add.
335 1959 447 1991 Lamb.
580 1972 599 1991 2
623 1962 775 1992 Sciebam
792 1957 834 1992 Zb
854 1963 1015 1993 Corradus
1032 1975 1038 1993 ε
1069 1963 1207 1993 scribam
1225 1963 1266 1993 M
1374 1974 1394 2003 3

106 1999 180 2029 Deli
197 2005 285 2031 tuum
305 2001 352 2031 C:
377 2003 533 2033 delituum
557 2004 640 2034 RF:
666 2006 813 2034 delitium
829 2006 867 2034 M
982 2005 1156 2045 διάγραμμα
1184 2005 1394 2046 Malaspina:

104 2042 266 2080 digamma
284 2043 368 2074 codd.
498 2047 519 2075 6
541 2047 707 2085 antiquam
725 2058 820 2086 quam
838 2048 934 2079 Rom.
954 2048 990 2077 I:
1024 2049 1193 2086 antiquam
1210 2049 1268 2078 M:
1300 2048 1390 2088 Anti,

104 2094 200 2132 quam
213 2085 282 2116 cdd.
402 2098 422 2125 9
446 2097 498 2118 Hs.
517 2098 537 2124 Q
557 2091 792 2129 (=qm'11gent1‘s
808 2091 960 2120 millslmsi
978 2091 1063 2129 Vsct„
1078 2092 1113 2129 cs.
1133 2102 1178 2130 13.
1193 2093 1221 2127 6,
1237 2090 1389 2124 Priscian.

104 2137 146 2175 ιι..
160 2138 231 2166 407.
257 2138 295 2166 24
321 2128 378 2165 (cd.
405 2129 501 2168 Keil),
518 2129 703 2161 Mommsen
726 2133 757 2161 in
781 2132 950 2162 ‘Hermes’
966 2134 1008 2163 iii.
1029 2136 1100 2172 467.
1121 2135 1174 2165 vii.
1192 2136 1277 2171 366:
1300 2143 1352 2164 HS.
1370 2144 1391 2164 D

102 2168 243 2217 Pmsnex
265 2170 352 2200 codd.
378 2172 463 2203 sm's:
490 2182 552 2208 Nso
576 2173 617 2202 M
751 2185 811 2213 per
834 2177 991 2213 praedem
1016 2176 1060 2205 illi
1085 2177 1163 2206 dare
1187 2177 1268 2206 tanti
1292 2187 1390 2215 quom

103 2211 224 2258 §zu-lat
234 2213 436 2252 cniduxsnit
445 2214 606 2245 Marslmll
621 2227 628 2246 z
651 2227 711 2255 per
726 2240 734 2248 .
755 2242 761 2248 .
782 2241 788 2248 .
807 2220 937 2253 (nomen
954 2220 1017 2248 vm'
1029 2219 1149 2249 excidis}
1169 2220 1336 2258 praedium
1355 2224 1390 2250 ut

101 2253 155 2301 ille
172 2255 333 2284 venderet
350 2255 431 2286 Anti
447 2266 543 2294 quom
560 2259 636 2289 coni.
659 2258 841 2299 Wesenbetg
981 2271 1017 2290 12
1042 2262 1111 2292 eius
1129 2262 1312 2292 dementias
1328 2263 1392 2299 (vel

102 2297 249 2326 emsdem
277 2299 452 2333 amentiasl
466 2300 549 2330 codd.
565 2312 571 2332 :
597 2301 667 2331 cius
685 2303 771 2332 modi
784 2303 967 2333 dementias
980 2303 1078 2333 Reid:
1104 2305 1250 2335 eiusdem
1270 2305 1390 2335 Antias

100 2337 272 2369 Lehmann
413 2351 449 2379 15
473 2343 553 2372 alias
569 2343 620 2372 Μ2
637 2355 642 2372 :
668 2349 738 2374 tuas
757 2343 804 2373 M1
823 2356 829 2375 :
852 2346 932 2376 alias
950 2350 1023 2376 tuas
1039 2347 1114 2377 coni.
1137 2346 1318 2387 Wcsmabmg
