1590 2730
38 122 154 158 XIII.
173 132 202 157 x
519 123 572 158 M.
604 123 766 158 TVLLI
797 122 1093 160 CICERONIS

167 243 280 267 causa
299 230 488 268 amentiae
506 244 515 275 ς
543 243 611 278 pro
631 243 708 278 quo
728 230 883 278 quidem
900 229 1012 267 etiam
1034 242 1194 279 sponsor
1213 242 1296 266 sum
1317 231 1448 267 factus.

170 295 220 330 Et
241 293 419 330 nimirum
440 293 479 331 id
500 293 578 330 fuit.
637 295 830 331 Solvendo
850 293 952 331 enim
972 307 1050 331 non
1071 300 1159 330 erat.
1217 293 1343 330 Credo
1363 306 1450 329 eum

168 356 307 405 petisse
332 370 354 393 a
380 357 565 393 Marcello
588 355 732 404 aliquid
761 363 798 393 et
826 355 943 402 illum,
965 360 1054 396 †aut
1082 358 1194 400 erat†,
1218 354 1452 393 constantius

168 419 419 469 respondisse.

211 524 276 558 XI
433 527 499 558 Scr.
520 527 553 557 in
570 527 774 567 Atfiinszlz'ix
790 527 829 558 K.
853 528 962 566 Quint.
983 537 1010 558 a.
1033 537 1089 567 709
1109 527 1188 566 (45).
1474 532 1491 561 5

563 602 729 633 CICERO
759 602 932 632 ATTICO
960 601 1062 632 SAL.

137 689 153 714 1
225 677 233 693 ‘
248 675 301 711 Οὔ
320 674 447 711 ταύτὸν
467 673 578 713 εῖδος.’
634 673 849 711 Credebam
870 685 952 709 esse
975 672 1084 708 facile
1099 685 1107 717 3
1137 678 1259 708 totum
1279 676 1335 708 est
1354 669 1457 707 aliud

172 745 304 786 postea
323 751 437 786 quarn
459 750 542 774 sum
563 750 585 773 a
605 744 641 773 te
661 735 874 773 diiunctior.
932 736 1007 772 Sed
1034 734 1103 772 fuit
1123 733 1341 772 faciendum
1361 741 1401 770 ut
1421 740 1458 770 et

172 800 441 838 constituerem
472 801 706 837 mercedulas
734 798 974 847 praediorum
1008 805 1044 835 et
1075 811 1124 835 ne
1151 810 1330 845 magnum
1362 809 1458 833 onus

174 863 435 902 observantiae
466 865 584 900 Bruto
613 870 742 899 nostro
768 861 1014 910 imponerem.
1073 861 1236 898 Posthac
1265 858 1367 897 enim
1396 871 1460 906 po·
1482 873 1519 895 10

175 927 330 964 terimus
358 925 599 964 commodius
630 927 753 962 colere
786 924 881 961 inter
913 937 983 961 nos
1013 923 1052 960 in
1082 924 1312 961 Tusculano.
1371 923 1461 958 Hoc

176 998 303 1028 autem
333 998 514 1038 tempore,
543 1001 630 1026 cum
656 988 717 1026 ille
747 1001 808 1025 me
837 987 978 1025 cotidie
1007 987 1135 1025 videre
1163 988 1284 1031 vellet,
1314 998 1384 1034 ego
1412 986 1462 1022 ad

177 1054 283 1091 illum
310 1053 361 1091 ire
387 1066 465 1091 non
489 1049 651 1102 possem,
674 1051 890 1100 privabatur
915 1051 1020 1088 omni
1047 1050 1299 1088 delectatione
1319 1051 1463 1086 'ruscu-

136 1129 159 1154 2
177 1117 263 1154 lani.
331 1118 391 1153 Tu
418 1116 529 1165 igitur
561 1116 591 1152 si
621 1115 775 1153 Servilia
799 1115 953 1160 venerit,
985 1114 1014 1151 si
1046 1116 1183 1151 Brutus
1213 1113 1305 1162 quid
1335 1112 1460 1162 egerit,

177 1180 291 1218 etiam
312 1179 342 1217 si
362 1179 598 1217 constituerit
618 1180 774 1228 quando
802 1178 966 1223 obviam,
989 1177 1171 1227 quicquid
1200 1176 1367 1226 denique
1396 1175 1463 1213 erit
1486 1190 1520 1220 15

178 1245 283 1293 quod
313 1243 406 1281 scire
436 1257 496 1281 me
525 1250 697 1292 oporteat
726 1242 876 1280 scribes.
936 1242 1125 1287 Pisonem,
1148 1241 1177 1278 si
1204 1240 1354 1290 poteris,
1377 1252 1464 1276 con-

178 1307 317 1345 venies.
374 1307 493 1344 Vides
520 1320 635 1355 quam
664 1313 852 1343 maturum
882 1306 937 1343 sit.
996 1307 1071 1343 Sed
1092 1314 1219 1343 tamen
1240 1305 1345 1353 quod
1365 1315 1466 1340 com-

180 1372 298 1408 modo
318 1378 384 1407 tuo
404 1371 477 1407 fiat.

222 1478 311 1512 XII
439 1480 506 1511 SJr.
523 1481 555 1510 in
573 1480 728 1519 Atpiffmti
744 1480 798 1509 visi
810 1479 850 1508 K.
873 1479 983 1517 Quint.
1001 1489 1029 1508 a.
1051 1488 1108 1517 709
1127 1478 1207 1517 (45).

574 1553 740 1583 CICERO
769 1553 943 1583 ATTICO
971 1552 1072 1583 SAL.
1488 1556 1525 1578 20

147 1635 163 1661 1
235 1625 356 1662 Valde
377 1637 438 1661 me
459 1624 743 1661 memorderunt
770 1623 952 1671 epistulae
979 1631 1066 1659 tuae
1092 1624 1140 1660 de
1167 1620 1293 1658 Attica
1317 1627 1444 1657 nostra
1458 1633 1468 1666 3

182 1689 340 1725 eaedem
361 1695 488 1724 tamen
509 1694 744 1724 sanaverunt.
803 1687 920 1734 Quod
941 1686 1042 1723 enim
1064 1693 1100 1722 te
1120 1685 1200 1734 ipse
1220 1683 1467 1722 consolabare

183 1751 327 1789 eisdem
358 1750 499 1796 litteris,
541 1750 579 1787 id
618 1749 710 1786 mihi
748 1757 825 1787 erat
857 1749 945 1786 satis
979 1750 1129 1785 firmum
1162 1749 1211 1785 ad
1249 1747 1465 1785 leniendam

182 1816 468 1865 aegritudinem.

142 1892 165 1918 2
237 1880 475 1928 Ligarianam
496 1881 685 1928 praeclare
705 1878 919 1916 vendidisti.
987 1879 1150 1915 Posthac
1171 1876 1354 1926 quicquid
1384 1875 1468 1912 scri·
1489 1888 1525 1919 25

144 1955 168 1992 3
187 1956 296 1992 psero
316 1943 383 1980 tibi
404 1942 650 1991 praeconium
672 1944 849 1980 deferam.
907 1943 1025 1989 Quod
1050 1943 1099 1979 ad
1129 1954 1190 1979 me
1220 1942 1268 1978 de
1298 1942 1469 1976 Varrone

232 2054 243 2073 1
270 2054 410 2082 sponsor
426 2054 495 2073 sum
509 2044 623 2073 sactus.
643 2043 682 2073 Et
697 2043 780 2073 Crat.
796 2053 822 2072 v.
838 2054 858 2073 ι’.
874 2042 900 2070 L
919 2057 920 2063 =
934 2041 1056 2081 manga)
1071 2040 1113 2071 2¹»
1129 2053 1134 2070 :
1151 2051 1347 2080 sponsorum
1366 2040 1469 2070 factus

186 2091 217 2116 et
236 2085 403 2115 MEO'R:
438 2096 580 2124 sponsor
605 2086 707 2115 sactus
735 2090 767 2115 et
794 2084 874 2113 025:
908 2094 1048 2122 sponsor
1076 2084 1167 2113 Sunii
1194 2084 1296 2113 sactus
1320 2087 1369 2112 est
1391 2082 1466 2111 coni.

186 2128 323 2158 Hosius:
346 2139 488 2166 sponsor
506 2128 680 2157 Marcellus
698 2128 800 2156 sactus
817 2133 904 2157 esset
920 2126 1039 2156 Mit'llcr
1120 2135 1139 2163 3
1163 2130 1197 2155 ut
1215 2130 1284 2155 erat
1300 2129 1472 2154 cunctator

185 2171 308 2200 lentius
331 2171 405 2200 coni.
423 2171 527 2200 Boot:
551 2176 585 2200 ut
609 2175 678 2199 erat
702 2174 867 2202 constans.
893 2169 1084 2198 offirmatius
1106 2169 1155 2198 vel
1174 2168 1277 2197 simile
1296 2166 1374 2205 quid
1393 2166 1469 2196 coni.

188 2212 322 2242 Miillcr:
346 2218 380 2243 ut
397 2218 477 2249 erat,
495 2213 699 2242 constantius
716 2212 813 2251 vulg„
830 2211 886 2242 sed
901 2212 936 2250 cf.
956 2210 1029 2240 adn.
1049 2210 1095 2240 ad
1109 2212 1200 2240 Fam.
1220 2210 1273 2239 xii.
1294 2220 1335 2239 20
1452 2219 1469 2245 4

188 2256 400 2293 respondisse
417 2255 512 2284 Rom.
527 2255 657 2294 Iv11lg.:
679 2255 834 2293 ppndisse
847 2253 887 2282 M
900 2257 935 2282 ut
949 2253 1089 2283 videtur:
1109 2252 1327 2291 perpendisse
1342 2251 1471 2280 Baiter:

187 2298 398 2368 rgplffndisse
416 2297 491 2326 coni.
510 2296 629 2326 Miillcr
742 2305 777 2333 13
801 2296 1013 2334 privabamur
1032 2294 1128 2324 Orelli
1232 2304 1271 2331 25
1296 2292 1471 2323 venditasti

221 2349 251 2367 re
273 2349 282 2368 t
