1590 2730
58 165 123 200 IX.
143 164 201 199 vii
219 175 238 200 Β
512 165 564 201 Μ.
597 165 759 200 TVLLI
790 164 1086 202 CICERONIS

149 271 374 320 Pompeium
404 272 527 308 futura
557 278 683 308 essent
710 283 871 319 quorum
905 270 1091 308 beneficia
1124 271 1288 308 maxima
1325 271 1439 309 habe-

147 347 240 381 rem,
265 334 414 383 sibique
445 334 532 372 satis
565 348 647 372 esse
677 335 770 372 dixit
801 334 831 372 si
859 342 1007 383 togatus
1037 335 1182 372 urbana
1211 334 1335 372 officia
1367 334 1439 372 sibi

147 397 415 447 praestitissem
445 411 542 446 quae
571 398 684 435 etiam
713 397 794 444 illis,
823 397 853 434 si
882 399 1029 443 vellem,
1056 405 1245 447 praestare
1273 410 1436 446 possem.

150 463 284 509 Itaque
314 474 417 498 nunc
452 463 599 498 Romae
637 461 766 498 omnia
803 461 954 509 negotia
988 461 1139 498 Lentuli
1170 474 1332 510 procuro
1362 473 1439 498 sus-

148 524 251 563 tineo
280 537 485 572 meumque
514 524 690 569 officium,
714 525 840 570 fidem,
863 523 1042 572 pietatem
1072 523 1116 561 iis
1145 531 1304 572 praesto.
1361 525 1437 561 Sed
1457 539 1474 571 5

149 601 209 625 me
238 589 390 625 hercule
420 600 545 624 rursus
579 586 652 623 iam
690 586 877 624 abiectam
907 586 1195 635 compositionis
1224 600 1330 635 spem
1359 600 1438 624 non

148 650 492 699 desperatissimam
522 663 602 687 esse
633 657 739 697 puto.
768 649 948 697 quoniam
982 650 1122 687 Caesar
1154 656 1210 687 est
1238 662 1282 686 ea
1310 657 1438 687 mente

148 727 263 762 quam
292 721 422 763 optare
450 714 645 751 debemus.

202 779 288 814 Hac
320 790 359 814 re
390 777 481 813 mihi
512 778 646 825 placet,
676 776 705 813 si
735 775 803 813 tibi
831 775 988 821 videtur,
1011 783 1047 814 te
1075 777 1124 814 ad
1155 789 1242 813 eum
1275 776 1438 813 scribere

148 847 184 878 et
220 840 268 877 ab
306 852 352 877 eo
389 839 619 888 praesidium
657 846 794 887 petere,
834 846 875 876 ut
912 838 1051 887 petiisti
1088 852 1110 876 a
1148 838 1333 887 Pompeio
1377 852 1438 876 1116
1461 855 1498 877 1ο

147 903 304 952 quidem
334 903 570 951 adprobante
603 902 839 950 temporibus
871 901 1103 939 Milonianis.
1162 903 1376 947 Praestabo‚
1409 902 1438 938 si

149 967 351 1005 Caesarem
381 966 479 1003 bene
509 965 607 1011 novi,
630 978 716 1002 eum
743 964 845 1013 prius
874 972 961 1002 tuae
987 964 1179 1014 dignitatis
1205 978 1319 1014 quam
1350 978 1439 1002 suae

150 1029 319 1067 utilitatis
340 1028 524 1066 rationem
546 1028 772 1066 habiturum.

109 1100 132 1135 3
205 1095 315 1130 Haec
335 1105 449 1141 quam
471 1093 676 1140 prudenter
697 1091 764 1129 tibi
789 1091 952 1129 scribam
973 1091 1114 1137 nescio,
1137 1093 1204 1129 sed
1226 1091 1319 1129 illud
1339 1099 1439 1129 certe

149 1156 238 1203 scio,
271 1169 331 1194 me
359 1156 406 1193 ab
436 1155 612 1204 singulari
645 1168 773 1192 amore
801 1168 844 1192 66
875 1155 1141 1192 benevolentia
1174 1168 1439 1204 quaecumque
1461 1169 1496 1202 15

148 1220 272 1257 scribo
292 1219 359 1256 tibi
380 1219 551 1264 scribere,
576 1219 742 1266 quodte
770 1218 837 1266 (ita
863 1217 1045 1255 incolumi
1073 1220 1234 1257 Caesare
1261 1218 1397 1256 moriar
1416 1219 1440 1268 3)

148 1283 241 1321 tanti
265 1283 362 1320 facio
389 1290 429 1320 ut
458 1295 600 1331 paucos
628 1295 750 1330 aeque
778 1295 822 1318 66
851 1289 887 1318 16
913 1295 1019 1319 66105
1048 1282 1221 1319 habeam.
1281 1284 1340 1319 De
1369 1284 1440 1321 1166

148 1361 186 1386 16
212 1361 299 1385 611111
327 1346 472 1395 aliquid
496 1345 745 1391 constitueris,
768 1345 881 1383 velim
908 1344 1000 1382 1111111
1027 1345 1178 1382 scribas.
1236 1347 1337 1382 Nam
1361 1359 1439 1383 non

149 1410 388 1448 mediocriter
415 1409 547 1447 laboro
576 1414 619 1445 ut
644 1408 803 1457 utrique,
832 1415 873 1444 ut
902 1408 966 1454 vis,
997 1415 1102 1444 tuam
1134 1408 1439 1446 benevolentiam

147 1481 335 1522 praestare
362 1472 483 1522 possis
512 1485 627 1521 quam
648 1484 709 1509 me
732 1472 885 1509 hercule
912 1478 949 1509 te
968 1478 1244 1520 praestaturum
1270 1473 1435 1510 confido.
1461 1489 1499 1511 20

149 1538 224 1574 Fac
243 1538 377 1574 valeas.

779 1606 823 1644 C.

520 1689 586 1721 Scr.
606 1691 637 1720 in
655 1690 760 1720 itinere
776 1690 841 1721 circ.
861 1689 943 1720 Non.
962 1689 1064 1722 Mart.

437 1766 618 1797 CAESAR
644 1766 780 1797 OPPIO
805 1767 1042 1797 CORNELIO
1067 1767 1161 1798 SAL.

113 1848 130 1875 1
202 1839 363 1875 Gaudeo
400 1850 461 1874 me
491 1838 644 1874 hercule
674 1850 741 1874 vos
779 1837 987 1886 significare
1020 1838 1150 1875 litteris
1183 1851 1297 1886 quam
1328 1838 1438 1875 valde
1458 1848 1496 1880 25

148 1901 315 1951 probetis
352 1914 396 1938 ea
434 1915 531 1950 quae
568 1904 671 1950 apud
710 1902 920 1941 Corfinium
959 1910 1045 1939 sunt
1083 1910 1195 1950 gesta.
1268 1901 1439 1940 Consilio

148 1974 271 2003 vestro
292 1973 374 2002 utar
393 1966 554 2003 libenter
575 1974 611 2004 et
631 1969 705 2004 hoc
725 1967 904 2004 libentius
926 1968 1030 2015 quod
1051 1979 1135 2003 11166
1161 1973 1297 2014 sponte
1318 1967 1439 2002 facere

149 2029 418 2067 constitueram
448 2038 488 2067 ut
516 2044 631 2079 quam
658 2031 893 2069 lenissimum
926 2044 986 2067 me
1012 2030 1233 2079 praeberem
1263 2037 1300 2067 et
1331 2031 1439 2065 Pom-

149 2092 276 2141 peium
315 2094 444 2130 darem
475 2108 629 2143 operam
663 2102 705 2132 ut
735 2094 1028 2132 reconciliarem.
1086 2095 1336 2142 Temptemus
1365 2093 1439 2129 hoc

150 2157 266 2194 modo
287 2157 316 2194 si
336 2157 525 2206 possimus
547 2158 719 2195 omnium
746 2159 959 2195 voluntates
980 2157 1186 2205 reciperare
1206 2164 1242 2193 et
1262 2156 1439 2193 diuturna
1458 2165 1500 2195 30

190 2271 208 2298 4
229 2263 355 2299 propter
369 2260 408 2289 iis
436 2260 471 2295 (l.
490 2260 523 2298 5*
549 2269 662 2289 nomen
678 2260 845 2298 proprium
864 2258 962 2297 (velut
981 2258 1144 2297 Marcelli)
1163 2256 1349 2287 addendum
1370 2260 1442 2287 ante

147 2302 296 2332 sustineo
312 2302 494 2340 suspicatur
508 2301 589 2331 Reid
722 2302 742 2330 8
765 2311 861 2340 quam
879 2300 935 2330 M:
960 2311 1024 2339 qua
1040 2300 1125 2339 vulg.
1271 2309 1308 2329 10
1327 2299 1440 2338 petisti

146 2344 231 2383 vulg.
265 2369 276 2377 ,
337 2354 373 2381 19
397 2349 431 2374 ut
448 2343 522 2375 add.
541 2343 629 2374 edd.:
655 2354 717 2374 om.
739 2343 822 2375 codd.
921 2353 961 2373 22
984 2343 1162 2382 exemplum
1180 2341 1277 2371 huius
1294 2341 1442 2380 epistulae

146 2387 179 2416 in
191 2386 376 2416 Pelrarclme
389 2388 395 2402 ⁴
409 2386 437 2414 V
437 2387 478 2415 ita
493 2386 652 2417 Cacsaris’
663 2386 817 2418 invenitur
892 2395 933 2425 30
950 2385 1114 2424 possimus
1128 2384 1240 2416 Lamb.
1254 2382 1438 2414 Pctrmclza:

148 2438 321 2470 possumus
338 2428 421 2459 codd.
