1690 2710
169 130 252 166 XV.
270 139 331 165 xx
652 129 705 165 M.
735 126 899 163 TVLLI
929 125 1224 163 CICERONIS

289 236 358 274 sed
385 235 420 274 ei
448 249 494 273 ex
521 234 684 284 praediis
713 241 754 271 ut
782 235 892 271 cadet
920 233 972 269 ita
999 234 1175 278 solvetur,
1201 230 1295 268 mihi
1322 237 1450 268 autem
1478 241 1574 278 opus

290 307 346 338 est
374 299 560 337 universo.
619 297 810 346 Equidem
838 296 908 334 etsi
936 296 1029 333 mihi
1056 295 1203 333 videtur
1232 294 1300 331 iste
1329 293 1394 342 qui
1421 293 1574 330 umbras

290 363 397 400 timet
429 363 479 400 ad
511 363 669 413 caedem
707 368 886 410 spectare,
916 367 1044 397 tamen
1073 358 1145 396 nisi
1172 357 1357 406 explicata
1384 356 1573 394 solutione

290 439 369 464 non
395 439 479 463 sum
500 425 743 463 discessurus.
801 423 906 461 Sitne
933 430 1061 460 autem
1090 421 1274 470 explicata
1299 432 1421 457 necne
1448 426 1575 456 tecum

290 502 529 538 cognoscam.
591 490 706 524 Hanc
738 486 867 535 putavi
900 499 984 523 mea
1017 497 1132 522 manu
1165 484 1416 528 scribendam,
1449 482 1575 530 itaque
1595 498 1611 527 5

291 551 371 589 feci.
431 554 490 588 De
515 551 649 595 Fadio,
675 557 716 587 ut
743 549 885 594 scribis,
914 548 1044 597 utique
1072 547 1134 585 alii
1162 545 1315 585 nemini.
1374 544 1575 582 Rescribas

290 614 402 652 velim
423 613 548 651 hodic.

334 756 441 791 XXI
568 759 637 790 Scr.
655 759 687 788 ιἰι
709 757 891 788 Tusculano
906 768 930 787 x
943 756 984 787 K.
1006 756 1114 796 Quint.
1134 767 1163 787 a.
1186 766 1239 795 710
1257 756 1344 795 (44).

686 843 851 874 CICERO
880 843 1053 873 ATTICO
1082 841 1182 872 SAL.

259 945 277 972 1
347 933 469 970 Narro
488 931 567 977 tibi,
591 930 758 978 Quintus
778 937 884 979 pater
906 931 1066 967 exsultat
1093 928 1242 966 laetitia.
1301 926 1456 976 Scripsit
1475 925 1577 964 enim
1601 942 1636 963 10

294 995 392 1033 filius
420 1009 460 1033 se
490 994 633 1032 idcirco
661 995 858 1043 profugere
886 994 935 1030 ad
966 995 1124 1030 Brutum
1152 991 1316 1029 voluisse
1344 991 1458 1039 quod,
1490 1002 1578 1026 cum

293 1058 365 1096 sibi
394 1057 588 1106 negotium
617 1058 724 1094 daret
747 1055 939 1093 Antonius
968 1062 1009 1092 ut
1037 1068 1124 1092 eum
1153 1054 1375 1092 dictatorem
1405 1054 1576 1098 efficeret,

294 1121 523 1170 praesidium
544 1126 760 1169 occuparet,
781 1119 820 1156 id
845 1125 1053 1156 recusasset
1067 1132 1077 1164 3
1109 1130 1300 1155 recusasse
1325 1123 1452 1153 autem
1472 1128 1512 1153 se
1531 1128 1579 1152 ne

294 1184 408 1234 patris
428 1183 598 1221 animum
620 1184 829 1221 offenderet
846 1197 855 1229 3
888 1195 934 1219 ex
952 1194 998 1219 eo
1018 1181 1089 1218 sibi
1109 1181 1214 1218 illum
1235 1181 1394 1218 hostem.
1451 1181 1462 1199 ‘
1478 1181 1579 1216 Tum

279 1249 376 1285 ,me'
406 1246 529 1296 inquit
561 1246 733 1294 ‘conlegi
766 1258 898 1283 verens
936 1257 984 1282 ne
1021 1244 1113 1293 quid
1146 1243 1238 1280 mihi
1271 1243 1332 1281 ille
1364 1243 1478 1281 iratus
1511 1242 1580 1280 tibi
1602 1256 1637 1288 15

295 1317 458 1347 noceret.
518 1311 652 1357 Itaque
679 1321 766 1345 eum
795 1307 949 1356 placavi.
1010 1309 1057 1343 Et
1077 1306 1232 1355 quidem
1252 1304 1350 1343 &cc—c
1369 1313 1479 1351 certa,
1502 1305 1580 1342 reli-

295 1386 370 1422 qua
390 1373 426 1409 in
449 1374 538 1421 spe.'
589 1371 725 1409 Scribit
745 1378 872 1408 autem
894 1370 1033 1407 Statius
1054 1369 1159 1406 illum
1179 1382 1266 1406 cum
1287 1376 1391 1418 patre
1411 1368 1580 1406 habitare

295 1437 391 1474 velle
412 1436 501 1485 (hoc
521 1448 610 1472 vero
639 1433 793 1484 mirum)
813 1441 849 1471 et
877 1433 915 1470 id
944 1433 1093 1481 gaudet.
1153 1434 1323 1480 Ecquem
1353 1439 1393 1468 tu
1419 1431 1483 1480 illo
1506 1444 1581 1468 cer-

296 1499 431 1537 tiorem
451 1498 712 1536 nebulonem?

254 1574 279 1602 2
347 1562 508 1612 Ἐποχὴν
526 1569 687 1599 vestram
708 1562 756 1599 de
775 1574 814 1599 re
834 1561 931 1600 Cani
953 1559 1266 1612 [deliberationis]
1288 1561 1419 1610 probo.
1474 1559 1581 1597 Nihil
1601 1571 1639 1592 20

297 1640 399 1665 eram
428 1626 638 1675 suspicatus
668 1626 716 1663 de
745 1625 896 1671 tabulis,
925 1627 1091 1674 ἀκεραίως
1123 1625 1332 1663 restitutam
1363 1623 1578 1662 arbitrabar.

298 1691 408 1738 Quae
445 1689 570 1727 differs
608 1696 648 1725 ut
686 1702 837 1726 mecum
876 1703 1003 1727 coram
1041 1689 1279 1738 exspectabo.
1347 1686 1581 1725 Tabellarios

298 1754 425 1802 quoad
445 1755 548 1790 voles
569 1752 742 1797 tenebis3
771 1766 810 1789 es
839 1753 940 1791 enim
970 1761 1188 1802 occupatus.
1247 1752 1363 1799 Quod
1389 1752 1438 1788 ad
1458 1752 1582 1788 Xeno-

298 1830 398 1862 nem,
426 1817 554 1865 probe.
613 1817 730 1864 Quod
770 1817 904 1861 scribo,
937 1830 1024 1854 cum
1055 1817 1265 1853 absolvero.
1323 1814 1469 1862 Quinto
1498 1813 1582 1851 scri-

256 1891 280 1927 3
298 1879 405 1928 psisti
425 1887 461 1917 te
481 1880 529 1916 ad
550 1893 637 1917 eum
659 1880 807 1917 litteras.
867 1881 994 1917 Nemo
1013 1881 1196 1917 attulerat.
1253 1878 1344 1915 Tiro
1367 1884 1479 1927 negat
1506 1877 1581 1914 iam
1602 1886 1639 1916 25

298 1942 365 1980 tibi
386 1944 534 1992 placere
556 1943 800 1981 Brundisium
828 1951 864 1981 et
890 1943 1046 1992 quidem
1074 1942 1200 1980 dicere
1228 1941 1372 1990 aliquid
1392 1942 1440 1979 de
1460 1940 1583 1978 militi-

344 2054 356 2074 1
382 2046 412 2075 ei
437 2045 640 2085 Malaspt'na:
666 2050 698 2075 et
722 2045 764 2075 F:
802 2045 833 2075 id
860 2043 913 2073 M:
943 2044 1095 2074 Ciceroni
1121 2043 1215 2073 Klotz
1378 2055 1396 2080 4
1420 2041 1583 2080 explicata

298 2087 381 2118 codd.
402 2086 556 2119 Memmi:
591 2089 733 2118 excitata
754 2087 812 2116 M:
841 2087 998 2116 extricata
1022 2085 1160 2115 Rosius:
1187 2085 1245 2115 HS
1282 2095 1299 2114 c
1321 2085 1396 2114 data
1421 2084 1584 2113 Turmbus

301 2130 352 2168 (ex
364 2130 506 2160 excitata
520 2130 684 2168 quoderat
700 2134 736 2160 ut
750 2129 873 2160 videtur
886 2130 918 2158 ιἰι
935 2128 975 2157 Ζϊ
1101 2138 1118 2165 5
1145 2128 1241 2157 Hanc
1258 2127 1317 2157 M:
1342 2127 1435 2156 Haec
1453 2125 1578 2155 Ernesti

300 2182 397 2202 manu
414 2174 618 2203 scribendam
636 2176 703 2203 velt.
721 2184 727 2203 z
753 2181 867 2201 manus
888 2171 1060 2201 scribenda
1082 2171 1121 2200 M
1263 2171 1298 2199 16
1320 2173 1455 2199 noceret
1481 2169 1583 2206 patris

298 2214 434 2246 scilicet.
483 2216 595 2253 Itaque
623 2214 669 2249 M,
695 2215 730 2253 cs.
756 2225 803 2253 15.
833 2225 851 2253 4
998 2214 1033 2242 18
1058 2213 1201 2250 Ecquem
1226 2207 1279 2242 ΖΜ
1295 2222 1321 2242 v.
1342 2222 1390 2241 c.:
1424 2221 1521 2249 quem
1546 2209 1586 2238 M

300 2257 501 2287 cerritiorem
524 2257 599 2287 com'.
624 2257 738 2295 Tyrrell
872 2265 913 2285 20
936 2255 1179 2285 deliberationis
1201 2255 1266 2285 secl.
1285 2253 1428 2284 Ernesti:
1461 2252 1582 2282 delibe-

300 2301 440 2329 rantium
465 2300 540 2329 coni.
567 2299 693 2329 Moser:
728 2308 811 2338 quae
840 2302 889 2328 est
915 2297 1160 2327 deliberationis
1186 2296 1268 2326 Reid
1422 2305 1461 2333 24
1485 2294 1582 2333 Quod

300 2341 424 2379 Quinto
447 2342 522 2371 coni.
541 2341 622 2370 Boot
