1590 2730
57 133 126 168 XI.
148 131 193 167 ix
341 114 344 117 ’
520 132 574 168 M.
605 132 768 169 TVLLI
799 132 1094 170 CICERONIS

164 239 398 287 probrorum.
457 238 534 276 Hic
561 238 734 288 Ligurius
757 240 887 284 furere,
921 239 993 276 ‘Se
1030 238 1131 276 enini
1170 237 1263 276 scire
1296 252 1446 276 summo

166 301 270 339 illum
292 302 328 339 in
343 302 433 340 odio
454 301 567 339 fuisse
588 301 750 340 Caesari.
800 303 913 338 Illum
929 308 1056 338 tamen
1077 314 1155 338 non
1176 302 1293 339 modo
1313 301 1447 339 favisse

166 367 232 403 sed
254 365 367 402 etiam
388 372 532 402 tantam
559 365 609 401 illi
634 364 835 413 pecuniam
857 364 1007 402 dedisse
1028 363 1182 401 honoris
1209 364 1283 401 mei
1310 366 1446 401 causa.'

168 430 257 465 Hoc
283 430 360 476 ego’
376 429 507 465 dolore
533 435 692 476 accepto
716 427 817 465 volui
847 427 941 464 scire
962 426 1054 475 quid
1081 426 1290 476 scripsisset
1315 429 1364 465 ad
1390 440 1447 464 ce-

165 498 289 536 teros;
326 491 396 539 ipsi
422 491 523 528 enim
554 490 604 527 illi
636 490 763 538 putavi
793 490 1048 539 perniciosum
1079 491 1168 536 fore,
1201 490 1231 527 si
1264 489 1344 527 eius
1373 491 1446 527 hoc
1466 503 1483 534 5

165 561 312 590 tantum
351 555 472 591 scelus
510 552 811 602 percrebruisset.
869 552 1043 601 Cognovi
1080 552 1251 590 eiusdem
1288 552 1445 602 generis.

166 618 227 653 Ad
248 624 284 653 te
306 616 398 653 misi.
440 618 545 664 Quas
567 616 595 653 si
616 615 766 664 putabis
788 616 839 652 illi
860 615 930 664 ipsi
950 615 1041 653 utile
1061 628 1143 653 esse
1163 615 1281 662 reddi,
1299 617 1446 653 reddes.

166 680 229 717 Nil
259 693 320 717 me
349 680 482 717 laedet.
540 681 640 716 Nam
670 680 774 727 quod
803 679 1011 726 resignatae
1034 686 1132 724 sunt,
1155 679 1279 725 habet,
1302 679 1446 728 opinor,

165 743 245 781 eius
283 743 432 792 signum
472 742 694 791 Pomponia.
754 744 840 779 Hac
875 742 935 779 ille
969 741 1173 779 acerbitate
1209 742 1316 780 initio
1350 742 1450 779 navi-

165 807 326 856 gationis
352 820 440 844 cum
467 819 555 843 usus
582 813 691 851 esset,
713 813 818 842 tanto
843 819 903 842 me
930 806 1061 842 dolore
1084 805 1223 842 adfecit
1252 813 1292 842 ut
1317 812 1450 853 postea
1472 818 1508 839 10

166 870 354 914 iacuerim‚
379 883 502 918 neque
529 882 631 905 nunc
655 876 730 905 tam
758 882 825 916 pro
849 881 888 905 se
914 881 1028 916 quam
1049 876 1180 905 contra
1200 881 1260 904 me
1280 868 1450 904 laborare

166 932 312 970 dicitur.

126 1005 147 1039 3
220 997 279 1032 Ita
309 995 487 1033 omnibus
521 995 633 1032 rebus
666 1007 822 1042 urgeor3
861 1007 954 1042 quas
988 993 1172 1031 sustinere
1202 993 1262 1030 vix
1295 1006 1450 1041 possum

166 1061 224 1096 vel
245 1061 356 1107 plane
376 1060 481 1096 nullo
502 1060 619 1095 modo
648 1071 813 1106 possum.
872 1057 1022 1104 Quibus
1046 1056 1085 1093 in
1112 1056 1269 1093 miseriis
1296 1068 1372 1093 una
1394 1063 1451 1093 est

168 1135 235 1170 pro
262 1122 440 1159 omnibus
461 1122 566 1170 quod
586 1121 694 1158 istam
717 1120 890 1158 miseram
912 1119 1150 1168 patrimonio,
1170 1121 1319 1156 fortuna
1346 1118 1449 1156 omni
1474 1130 1508 1160 15

168 1185 366 1233 spoliatam
396 1184 617 1233 relinquam.
676 1185 763 1231 Qua
783 1197 821 1221 re
842 1191 887 1228 te,
912 1189 954 1219 ul
971 1183 1169 1232 polliceri5‚
1192 1183 1319 1220 videre
1340 1185 1451 1231 plane

168 1248 290 1285 velim.
340 1247 468 1284 Alium
489 1247 590 1284 enim
612 1247 672 1284 cui
692 1247 794 1283 illam
811 1248 1078 1284 commendem
1100 1248 1224 1285 habeo
1246 1247 1450 1292 neminem,

168 1310 350 1358 quoniam
385 1310 492 1347 matri
524 1323 678 1358 quoque
711 1311 845 1347 eadem
879 1309 1044 1347 intellexi
1079 1323 1160 1347 esse
1194 1318 1321 1358 parata
1354 1323 1451 1357 quae

169 1373 271 1411 mihi.
330 1375 405 1411 Sed
432 1374 461 1410 si
489 1387 549 1410 me
581 1387 658 1410 non
689 1375 871 1419 offendes,
903 1373 991 1410 satis
1024 1381 1151 1411 tamen
1182 1374 1323 1411 habeto
1352 1386 1452 1410 com-

167 1438 385 1474 mendatam
406 1444 659 1485 patruumque
679 1436 717 1472 in
738 1449 781 1473 ea
801 1444 986 1484 quantum
1008 1436 1148 1485 poteris
1170 1436 1349 1484 mitigato.
1473 1445 1510 1465 20

220 1502 330 1537 Haec
350 1501 399 1537 ad
419 1507 455 1537 te
475 1499 537 1537 die
558 1499 671 1536 natali
692 1512 778 1536 meo
795 1499 935 1547 scripsi.
979 1500 1068 1546 Quo
1088 1499 1233 1536 utinam
1255 1506 1452 1547 susceptus

168 1577 245 1601 non
265 1576 387 1601 essem
406 1570 470 1600 aut
491 1575 538 1600 ne
559 1562 651 1610 quid
672 1576 716 1599 ex
736 1564 870 1600 eadem
889 1570 1006 1600 matre
1027 1570 1159 1611 postea
1179 1570 1310 1599 natum
1331 1569 1428 1599 esset
1445 1565 1451 1599 1

169 1628 280 1664 Plura
299 1626 461 1664 scribere
481 1627 571 1664 fietu
592 1626 804 1674 prohibeor.

209 1813 251 1846 X
467 1815 533 1846 Ser.
553 1815 712 1847 Brundisi
723 1817 770 1846 xii
781 1817 822 1847 K.
844 1817 931 1847 Febr.
952 1827 979 1846 a.
998 1825 1055 1854 707
1073 1816 1154 1854 (47).

571 1903 741 1933 CICERO
764 1903 931 1933 ATTICO
958 1903 1053 1933 SAL.
1472 1910 1509 1942 25

133 1997 148 2022 1
220 1984 283 2021 Ad
303 1996 405 2020 meas
427 1983 659 2022 incredibilis
680 1984 933 2033 aegritudines
957 1983 1100 2032 aliquid
1127 1982 1215 2020 novi
1240 1981 1387 2019 accedit
1407 1994 1452 2019 ex

168 2046 211 2083 iis
240 2059 337 2094 quae
366 2048 414 2083 de
444 2048 491 2094 Q.
522 2049 568 2094 Q.
598 2048 646 2084 ad
676 2060 736 2084 me
765 2048 993 2084 adferuntur.
1053 2048 1092 2082 P.
1115 2045 1315 2083 Terentius
1344 2056 1451 2081 meus

210 2157 228 2176 2
253 2146 363 2185 Illum]
387 2157 458 2176 eum
482 2146 680 2186 [Vesenbergz
714 2147 799 2176 hunc
822 2145 912 2175 Peter
995 2146 1113 2176 favisse
1134 2144 1206 2174 M2:
1234 2144 1334 2174 fuisse
1353 2143 1403 2173 M¹
1413 2143 1457 2172 W

171 2199 206 2227 15
232 2189 428 2227 patrimonio
454 2189 524 2219 M²z
565 2188 906 2227 pffelrtrimtrimonio
929 2187 1001 2217 M¹:
1042 2192 1132 2227 parte
1160 2186 1365 2216 matrimonio
1392 2185 1451 2216 W:

168 2236 259 2269 patre
278 2232 482 2260 matrimonio
499 2231 665 2261 Sclmu'dt:
688 2235 779 2269 patre
796 2231 990 2268 patrimonio
1010 2230 1162 2260 Graevius
1250 2230 1287 2259 16
1310 2234 1344 2258 ut
1359 2232 1426 2259 vett.
1444 2239 1450 2257 :

167 2275 253 2311 quod
271 2273 365 2303 Rom.
385 2285 391 2304 :
414 2284 476 2303 om.
492 2273 531 2302 M
546 2273 615 2303 (sed
626 2274 727 2313 spatio
743 2272 855 2312 relicto)
878 2271 921 2301 W
1033 2283 1074 2302 20
1096 2283 1133 2302 ea
1150 2269 1251 2301 MW:
1275 2281 1346 2301 eam
1365 2271 1447 2301 Crat.

167 2316 194 2344 L
214 2315 349 2354 (mmg.)

1588 263 1590 267 .
1587 229 1590 234 .
1575 0 1590 210 -..μη-..μ
