1590 2730
36 132 151 168 XIII.
170 132 270 178 xvii,
292 133 399 168 xviii
539 134 591 169 M.
623 134 785 169 TVLLI
817 134 1112 171 CICERONIS

224 257 365 299 XVII,
384 258 539 292 XVIII
583 261 648 291 Ser.
668 261 699 290 in
717 261 875 301 Arpinati
887 261 923 291 iii
936 262 976 292 K.
998 262 1107 300 Quint.
1127 271 1155 292 a.
1177 271 1233 301 709
1252 261 1333 302 (45).

577 347 742 378 CICERO
771 347 947 377 ATTICO
976 346 1077 377 SAL.

145 444 162 470 1
234 444 258 468 v
290 434 375 469 Kal.
408 433 675 481 exspectabam
711 435 836 469 Roma
865 432 1033 480 aliquid3
1076 436 1176 470 †non
1210 432 1464 481 imperassem.

184 495 302 544 Igitur
320 495 464 543 aliquid
485 495 591 535 tuis†.
650 497 764 532 Nunc
788 497 923 532 eadem
950 495 1022 541 illa,
1045 495 1137 543 quid
1159 498 1296 532 Brutus
1317 495 1464 543 cogitet,

181 566 246 595 aut
275 558 305 595 si
333 558 477 607 aliquid
506 558 590 607 egit,
613 559 752 607 ecquid
780 572 802 595 a
822 560 993 596 Caesare.
1052 559 1127 595 Sed
1152 558 1243 606 quid
1273 558 1343 595 ista
1371 571 1468 606 quae
1488 572 1504 602 5

182 621 307 658 minus
340 623 462 658 curo?
515 621 643 658 Attica
675 628 803 658 nostra
835 621 928 669 quid
960 628 1044 669 agat
1075 620 1168 658 scire
1205 621 1328 670 cupio.
1387 620 1467 658 Etsi

181 692 268 722 tuae
306 684 449 722 litterae
488 685 571 734 (sed
609 684 683 721 iam
722 684 833 721 nimis
870 691 1015 721 veteres
1053 684 1158 734 sunt)
1191 690 1290 721 recte
1321 697 1469 732 sperare

182 746 324 793 iubent,
347 755 474 784 tamen
495 754 673 795 exspecto
693 760 824 784 recens
844 746 998 795 aliquid.

139 819 162 845 2
234 810 352 848 Vides
381 810 642 858 propinquitas
671 809 764 858 quid
793 810 940 846 habeat.
999 811 1081 846 Nos
1105 822 1192 846 vero
1221 808 1468 846 conficiamus

46 862 161 903 (ΧἮΠ)
182 875 321 910 hortos.
380 872 572 921 Conloqui
606 873 830 910 videbamur
867 872 905 908 in
936 874 1157 909 Tusculano
1194 885 1281 909 cum
1319 886 1527 920 essem310

182 944 286 974 tanta
317 943 394 973 erat
427 935 605 972 crebritas
638 935 855 972 litterarum.
914 935 988 972 Sed
1021 934 1060 972 id
1091 934 1246 983 quidem
1280 934 1354 972 iam
1388 935 1465 972 erit.

183 1001 265 1048 Ego
291 999 433 1036 interea
460 998 660 1036 admonitu
690 1005 756 1035 tuo
782 997 921 1047 perfeci
945 1011 1035 1035 sane
1063 999 1255 1046 argutulos
1279 998 1393 1035 libros
1419 1000 1469 1036 ad

181 1065 391 1100 Varronem
425 1063 492 1099 sed
519 1069 646 1099 tamen
673 1069 852 1111 exspecto
872 1061 964 1110 quid
989 1063 1039 1099 ad
1068 1075 1112 1099 ea
1138 1075 1235 1110 quae
1261 1061 1391 1110 scripsi
1420 1063 1468 1099 ad

181 1133 226 1171 te,
249 1125 413 1174 primum
437 1124 502 1173 qui
531 1124 756 1162 intellexeris
785 1138 873 1162 eum
899 1125 1114 1162 desiderare
1139 1138 1161 1162 a
1188 1138 1249 1162 me
1276 1138 1362 1162 cum
1389 1124 1469 1173 ipse

179 1190 296 1226 horno
333 1189 664 1239 πολυγραφώτατος
701 1201 910 1237 numquam
950 1201 1010 1225 me
1048 1187 1283 1235 lacessisset3
1329 1188 1469 1225 deinde
1494 1202 1526 1232 15

178 1264 292 1300 quem
319 1253 532 1299 ζηλοτυπεῖν
557 1252 634 1288 nisi
645 1251 749 1299 forte
768 1252 946 1297 Brutum,
971 1265 1076 1299 quem
1103 1252 1140 1288 sl
1164 1265 1236 1288 non
1265 1253 1465 1300 ζηλοτυπεῖ,

180 1316 299 1351 multo
322 1315 572 1352 Hortensium
594 1314 719 1351 minus
739 1321 803 1351 aut
824 1327 889 1351 eos
910 1314 975 1362 qui
1004 1315 1052 1352 de
1079 1328 1117 1352 re
1137 1315 1290 1363 publica
1309 1317 1469 1364 loquun-

179 1385 248 1414 tur.
308 1379 424 1415 Plane
444 1379 518 1415 hoc
539 1377 632 1414 mihi
659 1377 822 1425 explices
843 1376 966 1424 velim,
990 1377 1027 1414 in
1055 1377 1184 1426 primis
1205 1391 1409 1415 maneasne
1429 1378 1467 1415 in

179 1440 377 1478 sententia*
392 1448 432 1478 ut
461 1440 608 1477 mittam
637 1441 686 1477 ad
715 1453 803 1478 eum
828 1454 926 1489 quae
954 1441 1095 1490 scripsi,
1117 1454 1166 1478 an
1193 1441 1286 1478 nihil
1312 1454 1468 1480 necesse

179 1511 298 1554 putes.
357 1505 432 1542 Sed
452 1505 546 1541 haec
565 1516 703 1540 coram.
1487 1517 1528 1540 20

220 1645 329 1679 XIX
427 1646 492 1678 δον.
513 1648 545 1677 in
561 1648 717 1687 Arpinati
725 1648 810 1687 prid.
823 1649 863 1680 K.
885 1648 994 1687 Quint.
1013 1660 1041 1680 a.
1064 1660 1120 1691 709
1139 1650 1217 1691 (45).

574 1733 741 1762 CICERO
772 1734 946 1764 ATTICO
975 1734 1074 1766 SAL.

145 1836 160 1861 1
233 1822 493 1859 Commodum
532 1820 755 1858 discesserat
795 1821 950 1858 Hilarus
987 1821 1157 1858 librarius
1196 1833 1235 1858 1v
1274 1822 1372 1866 Kal„
1407 1820 1467 1858 cui

179 1886 360 1921 dederam
398 1883 538 1921 litteras
575 1885 624 1922 ad
657 1893 704 1931 te,
737 1898 854 1934 quom
885 1885 987 1922 venit
1018 1884 1232 1922 tabellarius
1269 1897 1356 1921 cum
1394 1883 1467 1920 tuis

180 1946 309 1983 litteris
338 1946 459 1995 pridie
488 1947 610 1993 datis3
640 1947 677 1984 in
707 1948 846 1996 quibus
875 1948 968 1985 illud
997 1947 1089 1984 mihi
1116 1946 1369 1995 gratissimum
1398 1946 1467 1983 fuit
1488 1958 1525 1988 25

179 2011 284 2057 quod
299 2010 425 2047 Attica
445 2018 573 2048 nostra
593 2018 696 2059 rogat
716 2018 753 2048 te
773 2024 820 2048 ne
841 2010 952 2047 tristis
968 2009 1027 2056 sis,
1043 2011 1225 2057 quodque
1244 2016 1284 2046 tu
1305 2009 1468 2047 ἀκίνδυνα

180 2087 261 2110 esse
282 2074 423 2111 scribis.

224 2179 242 2206 3
267 2180 284 2197 v
306 2169 377 2199 Kal.
398 2170 451 2199 CZ
469 2181 474 2198 :
499 2169 528 2198 vi
549 2170 627 2204 (om.
649 2169 742 2198 Kal&
763 2168 852 2198 ΘΚΔ
972 2179 1035 2197 non
1060 2178 1123 2206 quo
1141 2168 1198 2205 (ita
1217 2168 1299 2197 Crat.
1318 2178 1345 2197 v.
1365 2178 1386 2197 c.
1404 2166 1464 2205 Zb)

183 2212 392 2249 imperassem
413 2212 486 2242 tuis.
526 2213 627 2249 Igitur
646 2221 731 2240 nunc
753 2213 828 2241 cons.
848 2209 986 2240 Lamb.:
1014 2211 1107 2239 novi:
1136 2211 1331 2248 imperasscs
1348 2210 1465 2239 vellem

183 2254 281 2290 igitur
305 2254 426 2291 aliquid
453 2255 526 2284 tuis.
583 2255 676 2283 Nunc
701 2252 868 2282 Schmidt:
907 2253 989 2282 novi.
1018 2253 1234 2291 Imperassem
1260 2255 1313 2289 (sc.
1342 2252 1370 2280 si
1393 2252 1470 2290 quid

184 2297 257 2325 novi
271 2297 411 2335 ventsset‘)
431 2296 530 2334 igitur
546 2296 667 2333 aliquid
685 2297 757 2325 tuis.
799 2295 892 2324 Nunc
907 2295 1025 2324 Mz'iller
1148 2303 1167 2332 5
1192 2295 1308 2333 ecquid
1325 2293 1441 2324 Lamb.
1459 2305 1466 2323 ε

185 2342 217 2366 et
233 2338 309 2376 quid
325 2338 409 2408 lWAI
499 2339 536 2367 16
560 2338 638 2367 nisi.
660 2360 666 2368 .
684 2361 689 2366 .
708 2336 876 2376 ζηλοτυπεῖ
887 2336 1003 2366 Bosz'us
1022 2337 1093 2376 (‘ex
1108 2335 1278 2366 Decurlczto
1295 2335 1416 2366 nostro'
1434 2339 1469 2365 ut

185 2380 242 2417 aits
258 2391 263 2410 :
287 2390 352 2410 om.
