1590 2730
478 142 587 177 EPP.
618 142 693 176 AD
723 141 972 178 ATTICVM
1279 142 1347 177 XI.
1370 151 1461 176 xxv

133 250 247 287 Illum
276 247 495 287 discessisse
514 247 745 285 Alexandria
773 261 900 285 rumor
919 256 975 285 est
1004 261 1082 285 non
1103 250 1231 286 firmus
1261 256 1363 286 ortus
1382 258 1405 284 2

78 325 125 350 ex
144 310 287 361 Sulpici
314 310 445 349 litteris
459 325 469 358 ,-
498 324 591 359 quas
618 310 746 348 cuncti
773 318 905 359 postea
931 310 1052 348 nuntii
1080 312 1361 348 confirmarunt.

80 375 198 422 Quod
235 387 365 412 verum
395 387 444 412 an
474 375 609 410 falsum
644 373 701 419 sit,
734 373 916 422 quoniam
950 386 1035 411 mea
1065 373 1159 410 nihil
1196 373 1364 420 interest,

78 445 205 476 utrum
225 436 354 474 malim
374 436 514 474 nescio.

42 511 61 544 5
132 501 249 548 Quod
269 501 317 537 ad
338 507 374 537 te
394 499 469 537 iarn
489 499 636 548 pridem
658 500 706 537 de
726 506 955 536 testamento
981 499 1125 548 scripsi,
1145 500 1247 548 apud
1267 498 1366 547 †epi-
1384 502 1408 538 3

78 565 195 601 stulas
224 562 337 600 velim
368 570 409 600 ut
436 562 579 610 possim
608 563 820 599 adversaS.†
877 564 959 610 Ego
993 562 1104 599 huius
1135 562 1366 599 miserrimae

79 627 302 666 †facultate†
319 626 514 662 confectus
530 624 738 662 conflictor.
779 624 884 661 Nihil
898 637 1080 673 umquam
1098 625 1218 662 simile
1234 632 1365 661 natum

80 696 184 737 puto.
242 687 345 736 Quoi
366 687 396 724 si
416 700 492 735 qua
514 700 553 724 re
577 689 775 724 consulere
795 687 939 735 aliquid
965 700 1134 736 possum,
1155 687 1268 736 cupio
1287 701 1309 724 a
1329 695 1366 725 te

81 750 289 788 admoneri.
346 750 472 787 Video
498 752 660 787 eandem
685 763 767 787 esse
791 750 1052 787 difficultatem
1074 764 1187 799 quam
1215 751 1252 787 in
1279 764 1367 788 con-

27 825 65 849 10
83 813 167 850 silio
199 814 328 850 dando
361 821 460 850 ante.
516 815 665 850 Tamen
701 815 774 851 hoc
806 827 866 850 me
895 813 1013 862 magis
1043 813 1218 851 sollicitat
1251 827 1365 862 quam

82 876 219 913 omnia.
280 878 324 912 In
345 876 529 924 pensione
550 877 718 914 secunda
738 876 841 913 caeci
862 875 1011 912 fuimus.
1054 876 1170 913 Aliud
1192 878 1367 922 mallem;

81 940 148 975 sed
176 939 375 987 praeteriit.
432 941 489 976 Te
523 953 601 985 oro,
630 947 670 976 ut
699 939 737 976 in
765 939 921 988 perditis
951 940 1062 976 rebus
1091 939 1120 976 si
1150 939 1242 987 quid
1271 939 1366 988 cogi,

80 1001 218 1039 confici
238 1009 363 1050 potest
383 1003 487 1050 quod
516 1002 562 1039 sit
582 1002 620 1038 in
647 1010 739 1047 tuto,
762 1016 807 1039 ex
826 1009 982 1050 argento
1008 1010 1121 1050 atque
1141 1002 1230 1039 satis
1250 1004 1369 1040 multa

80 1077 125 1102 ex
144 1064 388 1113 supellectile,
411 1066 478 1102 des
499 1078 665 1113 operam.
724 1066 805 1102 Iam
827 1064 928 1102 enim
950 1064 1041 1100 mihi
1063 1064 1210 1101 videtur
1234 1066 1368 1103 adesse

28 1141 60 1171 ¹5
80 1135 290 1165 extremum
328 1141 399 1165 nec
432 1129 618 1181 ulla-fore
648 1127 826 1165 condicio
858 1127 961 1175 pacis
992 1140 1113 1175 eaque
1150 1140 1248 1176 quae
1281 1135 1368 1165 sunt

80 1191 194 1228 etiam
223 1190 304 1228 sine
331 1191 546 1229 adversario
575 1191 748 1239 peritura.
810 1192 920 1227 Haec
951 1189 1076 1236 etiam,
1108 1190 1137 1226 si
1166 1190 1366 1237 videbitur,

80 1267 169 1292 cum
188 1253 368 1292 Terentia
387 1256 542 1303 loquere
559 1261 783 1303 opportune.
826 1254 916 1291 Non
933 1266 1033 1301 queo
1048 1253 1178 1290 omnia
1192 1254 1365 1292 scribere.

80 1319 187 1355 Vale.
245 1329 289 1354 111
312 1319 412 1355 Non.
435 1317 594 1364 Quintil.

124 1428 142 1455 4
168 1418 280 1447 nescio
303 1420 384 1447 velt.:
409 1417 476 1447 scio
503 1416 589 1447 codd.
690 1426 709 1454 5
733 1417 819 1455 apud
845 1414 992 1447 εὕυιστὸν
1018 1416 1088 1453 (lzoc
1108 1426 1144 1445 ex
1165 1417 1276 1455 Bosz'o)
1301 1428 1369 1446 τινα

82 1460 177 1490 velim
203 1464 236 1489 ut
259 1459 362 1498 possit
385 1459 551 1489 adservari
573 1458 647 1489 coni.
665 1458 756 1491 Boot.
777 1458 840 1488 coll.
862 1468 912 1496 24.
933 1468 973 1488 2:
1003 1459 1091 1496 apud
1107 1459 1257 1488 Vestales
1273 1459 1369 1490 velim

83 1502 263 1541 depositum
287 1501 452 1531 adservari
469 1501 678 1540 Slmckburglz
704 1501 769 1530 coll.
788 1500 871 1531 Suet.
887 1500 977 1539 Aug.
995 1510 1050 1530 101
1067 1512 1072 1529 :
1104 1502 1189 1538 apud
1211 1501 1369 1540 ἐπισφαλῆ

85 1546 137 1583 (sc.
158 1543 246 1574 cuius
266 1543 359 1572 lmud
375 1548 461 1572 extra
479 1544 655 1581 pen'czdmn
680 1543 777 1572 huius
799 1543 869 1572 belli
873 1543 1012 1581 fortuna
1029 1547 1072 1572 est
1085 1553 1134 1580 24.
1154 1554 1165 1572 1
1181 1564 1183 1570 ,
1201 1554 1318 1573 vereor
1334 1548 1369 1573 ut

83 1586 189 1625 possit
210 1586 373 1615 adservari
389 1585 464 1616 coni.
487 1585 602 1624 Tyrrell
702 1595 718 1623 7
737 1585 883 1615 fatuitate
900 1585 1016 1617 Rom:
1041 1585 1230 1615 infelicitate
1250 1585 1369 1616 Orelli:

82 1628 235 1658 facilitate
252 1627 352 1657 Reid:
377 1627 532 1657 facultate
549 1627 697 1657 confecta
713 1627 862 1657 Schmidt
1013 1637 1045 1657 11
1071 1628 1158 1658 aliud
1175 1628 1348 1657 Ascensius
1363 1639 1370 1657 :

83 1670 178 1700 alium
197 1669 263 1699 CM
429 1679 465 1707 13
489 1674 586 1707 atque
602 1669 741 1699 Sclziite:
767 1674 863 1708 teque
881 1669 940 1699 JW:
964 1680 1071 1707 neque
1092 1669 1163 1700 Vict.
1331 1679 1367 1707 17

84 1713 216 1750 loquere
232 1711 424 1741 Ascensius:
459 1712 593 1749 loquere
620 1716 653 1740 tu
678 1712 720 1740 ita
742 1712 778 1740 M
803 1716 837 1740 u!
859 1715 992 1741 testatur
1008 1711 1162 1750 Schmidt,
1182 1712 1239 1751 qui
1251 1716 1312 1751 pro
1334 1717 1367 1741 tu

84 1754 189 1784 conici!
205 1754 328 1783 utinam
346 1764 352 1783 ;
375 1754 565 1791 loqueretur
581 1752 619 1782 M
635 1757 722 1793 &teste
736 1753 877 1792 Baitero)

128 2409 188 2430 cm.
208 2408 253 2429 AD
267 2408 338 2430 ATT.
1244 2394 1286 2425 26
