1590 2730
56 147 122 185 IX.
145 148 189 184 iv
500 151 553 186 M.
584 150 745 186 TVLLI
777 149 1072 187 CICERONIS

146 259 251 295 τοῦτο
282 258 363 306 περὶ
391 261 460 295 τῶν
489 258 582 295 ὅλων
611 259 634 305 ἡ
665 258 771 297 πόλις
801 256 1087 306 κινδυνεύσεινῆ
1120 259 1341 306 εὐλαβητέον
1367 258 1430 296 τὸν

148 322 370 359 καταλύοντα
388 322 439 370 μὴ
458 322 562 361 αὐτὸς
582 321 732 370 αἵρηται.
788 324 833 358 Εἰ
857 322 1043 370 πειρατέον
1063 322 1206 372 ἀρήγειν
1225 323 1270 371 τῇ
1287 321 1431 370 πατρίδι

147 386 404 434 τυραννουμένῃ
434 385 543 435 καιρῷ
573 385 630 421 καὶ
658 386 755 436 λόγῳ
784 387 929 433 μᾶλλον
960 384 983 433 ἢ
1007 385 1165 435 πολέμῳ.
1221 387 1267 421 Εἰ
1293 387 1430 422 πολιτι-

149 449 210 486 κὸν
237 449 278 486 τὸ
308 450 502 499 ἡσυχάζειν
532 449 814 498 ἀναχωρήσαντά
843 465 905 485 ποι
940 450 1002 496 τῆς
1037 448 1206 497 πατρίδος
1241 465 1431 497 τυραννου-

147 512 255 560 μένης
282 511 313 560 ἢ
346 512 402 549 διὰ
437 512 569 551 παντὸς
600 513 691 549 ἰτέον
724 512 882 549 κινδύνου
912 513 976 559 τῆς
1009 511 1209 560 ἐλευθερίας
1237 512 1328 561 πέρι.
1387 513 1432 548 Εἰ
1450 521 1467 552 5

147 575 307 623 πόλεμον
338 576 507 613 ἐπακτέον
535 576 581 625 τῇ
609 576 708 625 χώρᾳ
738 575 795 611 καὶ
826 575 1084 623 πολιορκητέον
1108 575 1218 623 αὐτὴν
1246 592 1433 623 τυραννου-

148 639 267 687 μένην.
336 641 381 675 Εἰ
411 639 468 676 καὶ
496 639 546 687 μὴ
583 639 817 687 δοκιμάζοντα
853 639 918 686 τὴν
950 638 1005 675 διὰ
1036 639 1198 687 πολέμου
1237 639 1434 676 κατάλυσιν

148 704 210 750 τῆς
241 703 441 751 τυραννίδος
471 704 789 754 συναπογραπτέον
818 703 911 752 ὅμως
941 705 1015 743 τοῖς
1045 704 1213 752 ἀρίστοις.
1288 706 1334 740 Εἰ
1359 705 1434 743 τοῖς

149 767 344 817 εὐεργέταις
381 767 439 803 καὶ
468 767 590 814 φίλοις
622 767 932 818 συγκινδυνευτέον
968 770 1004 804 ἐν
1040 769 1113 806 τοῖς
1144 769 1341 806 πολιτικοῖς
1370 766 1434 805 κᾶν

147 830 198 878 μὴ
228 830 380 867 δοκῶσιν
411 830 448 867 εὖ
479 831 752 879 βεβουλεῦσθαι
784 831 864 879 περὶ
899 834 969 868 τῶν
998 831 1102 868 ὅλων.
1158 833 1203 867 Εἰ
1236 833 1254 868 ὂ
1290 832 1432 882 μεγάλα

146 893 212 940 τὴν
248 893 400 942 πατρίδα
429 895 662 944 εὐεργετήσας
695 894 739 930 δι’
772 895 859 931 αὐτὸ
892 894 929 931 δὲ
960 897 1066 931 τοῦτο
1099 895 1279 942 ἀνήκεστα
1309 895 1433 932 παθὼν

149 956 206 994 καὶ
236 957 427 1004 φθονηθεὶς
463 957 715 994 κινδυνεύσειεν
746 956 789 994 ἂν
821 957 1009 1004 ἐθελοντὴς
1046 959 1134 1006 ὑπὲρ
1168 960 1232 1005 τῆς
1267 958 1433 1007 πατρίδος

147 1019 170 1069 ἢ
190 1021 335 1068 ἐφετέον
353 1023 445 1071 αὐτῷ
466 1024 589 1058 ἑαυτοῦ
608 1038 694 1058 ποτε
723 1022 780 1058 καὶ
806 1024 875 1058 τῶν
903 1022 1126 1059 οἰκειοτάτων
1149 1021 1330 1059 ποιεῖσθαι
1348 1022 1433 1071 πρό-

149 1101 246 1121 νοιαν
265 1085 429 1134 ἇφεμένῳ
448 1086 511 1123 τὰς
529 1085 617 1132 πρὸς
636 1084 716 1123 τοὺς
737 1086 925 1134 ἰσχύοντας
945 1085 1194 1124 διαπολιτείας.

107 1154 132 1191 3
204 1148 249 1184 In
279 1146 337 1184 his
362 1158 518 1196 ego'me
546 1146 890 1185 consultationibus
919 1160 1096 1185 exercens
1120 1155 1157 1185 et
1178 1147 1365 1185 disserens
1394 1147 1431 1185 in

149 1217 350 1259 utramque
369 1217 513 1260 partem
535 1218 615 1248 tum
637 1213 781 1248 Graece
802 1218 882 1248 tum
904 1210 1039 1248 Latine
1059 1218 1096 1248 et
1115 1211 1267 1249 abduco
1286 1224 1433 1260 parum-

148 1286 214 1323 per
242 1273 412 1311 animum
436 1287 458 1310 a
485 1273 666 1311 molestiis
693 1281 730 1311 et
754 1278 824 1312 τῶν
851 1276 1030 1326 προῦργου
1057 1292 1091 1312 τι
1119 1274 1298 1312 delibero.
1357 1275 1433 1312 Sed

148 1350 279 1375 vereor
302 1350 349 1374 ne
375 1336 443 1374 tibi
474 1338 616 1386 ἄκαιρος
639 1336 719 1374 sim.
778 1337 816 1375 Si
837 1337 938 1375 enirn
960 1345 1059 1376 recte
1079 1336 1288 1374 ambulavit
1312 1336 1341 1374 is
1368 1336 1433 1386 qui

150 1400 248 1437 hanc
268 1399 467 1449 epistulam
489 1399 584 1446 tulit,
606 1399 644 1436 in
665 1399 789 1450 ipsum
810 1407 917 1438 tuum
938 1401 1041 1439 diem
1062 1399 1204 1438 incidit.

193 1559 233 1593 V
436 1562 504 1595 δον.
525 1564 557 1593 in
574 1564 750 1596 Formiano
767 1566 800 1595 vi
812 1565 858 1597 Id.
879 1565 976 1596 Mart.
996 1576 1025 1596 a.
1049 1575 1102 1605 705
1116 1564 1198 1604 (49).

549 1656 716 1687 CICERO
738 1657 911 1687 ATTICO
934 1657 1038 1688 SAL.

116 1750 133 1777 1
205 1739 330 1778 Natali
351 1740 413 1779 die
439 1748 505 1779 tuo
530 1742 708 1791 scripsisti
736 1742 936 1792 epistulam
962 1744 1011 1781 ad
1041 1755 1101 1780 me
1128 1743 1278 1790 plenam
1300 1738 1433 1777 consili

151 1815 400 1852 summaeque
416 1818 503 1842 cum
520 1805 810 1843 benevolentiae
826 1813 906 1843 tum
928 1806 1041 1843 etiam
1057 1804 1290 1854 prudentiae.
1337 1804 1432 1839 Eam

152 1866 244 1904 mihi
276 1867 503 1905 Philotimus
538 1868 719 1917 postridie
751 1883 865 1917 quam
903 1882 926 1906 a
956 1876 992 1906 te
1024 1874 1221 1917 acceperat
1254 1865 1430 1903 reddidit.

151 1932 247 1967 Sunt
266 1930 336 1967 ista
356 1931 512 1979 quidem
534 1945 631 1980 quae
652 1926 822 1981 disputas
838 1931 1068 1979 difficillima,
1084 1931 1153 1968 iter
1171 1931 1220 1968 ad
1240 1941 1430 1978 superum,

150 1993 339 2043 navigatio
389 1995 520 2039 infero,
568 1996 757 2033 discessus
802 1995 989 2044 Arpinum
1037 2009 1084 2033 ne
1135 1995 1237 2031 hunc
1280 1992 1431 2041 fugisse,

151 2056 298 2094 mansio
320 2058 480 2095 Formiis
506 2072 554 2096 ne
574 2058 757 2096 obtulisse
783 2071 853 2095 nos
878 2057 1118 2107 gratulationi
1137 2057 1343 2101 videamur,
1365 2056 1433 2092 sed

197 2168 208 2187 1
236 2156 255 2195 ἡ
280 2158 354 2189 coni.
382 2157 581 2198 Wesenberg:
614 2159 639 2188 εἷ
659 2159 700 2189 M
823 2169 841 2188 2
865 2159 984 2197 αἴρηται
1008 2158 1143 2187 Rosius:
1166 2159 1358 2187 ΕΡΡΘΗΤΑΙ
1375 2154 1432 2185 M:

150 2200 273 2238 ἅρθηται
288 2200 329 2231 C:
347 2201 420 2240 ἀρθῇ
432 2200 615 2240 Malaspina
680 2210 700 2239 3
723 2202 814 2241 καιρῷ
830 2200 881 2230 καὶ
892 2201 979 2240 λόγῳ
990 2195 1075 2230 ZIbO
1087 2200 1169 2230 Crat.
1188 2210 1194 2229 :
1212 2209 1275 2229 om.
1293 2203 1320 2228 Δ
1377 2207 1396 2235 5
1413 2197 1432 2235 ἢ

156 2242 228 2272 Vict.
249 2243 391 2281 idemque
405 2243 423 2274 l.
447 2253 504 2281 13:
529 2244 553 2273 εἰ
569 2242 653 2274 codd.
672 2242 756 2282 vulg.
893 2245 913 2272 6
936 2242 1033 2280 αὐτὴν
1052 2242 1136 2272 Crat.
1154 2240 1292 2271 Lamb.:
1317 2238 1434 2278 ταύτην

150 2284 235 2315 codd.
329 2286 365 2314 18
387 2286 561 2315 ambulavit
578 2286 689 2316 [Crat.
706 2283 835 2315 Lama:
869 2285 1081 2315 ambulaverit
1097 2283 1137 2314 M
1149 2283 1268 2313 Miiller
1395 2291 1433 2320 19

152 2326 272 2356 incidet
290 2326 408 2357 Mz'iller
533 2338 572 2357 22
597 2327 704 2357 Natali
728 2327 793 2358 secl.
811 2326 987 2368 Sternkopf

1453 847 1490 869 10

1455 1163 1489 1194 ¹5

1454 1571 1492 1593 20

1453 1945 1490 1975 25
