1590 2730
496 134 604 171 EPP.
635 135 711 172 AD
740 136 991 175 ATTICVM
1352 140 1422 176 XI.
1447 139 1522 175 viii

91 246 132 277 ut
151 239 263 278 huius
283 240 335 278 rei
354 254 468 278 causa
488 241 618 279 dedita
638 255 752 290 opera
772 242 895 280 mittat
914 243 1079 292 aliquem
1102 246 1254 283 Balbus.
1312 247 1374 284 Ad

91 315 187 350 quos
220 302 410 340 videbitur
446 303 558 352 velim
597 317 704 341 cures
742 304 881 342 litteras
920 319 1005 343 meo
1044 308 1208 345 nomine.
1266 310 1370 346 Vale.

90 376 165 401 xm
190 367 274 403 Kal.
299 367 378 404 Ian.

133 514 199 549 IX
382 517 448 548 Ser.
469 517 628 548 andisi
641 519 677 548 iii
688 518 771 548 Non.
792 519 862 549 Ian.
881 530 910 550 a.
935 529 990 558 707
1008 520 1089 560 (47).

55 613 72 643 5
491 603 659 633 CICERO
683 603 848 634 ATTICO
873 604 966 634 SAL.

147 686 229 734 Ego
248 697 337 722 vero
364 690 401 721 et
420 683 581 729 incaute,
601 691 641 721 ut
662 684 804 730 scribis,
822 692 858 721 et
879 684 1036 722 celerius
1066 699 1179 734 quam
1209 688 1376 737 oportuit
1397 699 1413 725 1

93 747 164 785 feci
202 760 272 784 nec
310 747 348 783 in
386 748 461 783 ulla
490 760 572 783 sum
605 760 672 795 spe
700 747 841 795 quippe
875 747 939 796 qui
977 750 1264 797 exceptionibus
1301 752 1377 789 edi-

93 817 240 848 ctorum
261 809 430 847 retineat.
490 811 600 857 Quae
626 810 656 846 si
683 823 760 847 non
788 818 914 847 essent
943 812 1143 849 sedulitate
1164 815 1319 852 effectae
1340 823 1376 853 et

93 873 374 912 †benivolentie
394 877 473 919 va†‚
491 872 619 910 liceret
648 872 740 909 mihi
769 873 872 910 abire
899 873 937 910 in
967 874 1190 913 solitudines
1217 877 1373 926 aliquas.

40 951 75 972 10
95 937 208 973 Nunc
229 950 276 973 ne
297 936 335 973 id
356 935 512 984 quidem
533 936 630 973 licet.
688 936 793 983 Quid
813 944 940 973 autem
962 951 1022 974 me
1043 937 1143 975 iuvat
1164 942 1267 987 quod
1288 950 1375 979 ante

93 999 227 1036 initum
257 999 490 1036 tribunatum
524 999 621 1046 veni,
656 999 686 1036 si
719 999 843 1048 ipsum
873 1001 977 1048 quod
1007 1001 1091 1037 veni
1121 1002 1213 1039 nihil
1247 1003 1376 1042 iuvat?

94 1063 177 1098 Iam
194 1062 286 1110 quid
307 1075 453 1110 sperem
474 1062 522 1099 ab
543 1075 588 1099 eo
609 1062 674 1110 qui
694 1062 786 1099 mihi
806 1062 951 1099 amicus
967 1076 1176 1112 numquam
1193 1066 1271 1111 fuit,
1288 1080 1373 1104 cum

92 1124 166 1161 iam
197 1126 279 1173 lege
309 1124 422 1162 etiam
450 1124 519 1161 sim
549 1126 745 1162 confectus
772 1133 808 1162 et
837 1128 1067 1174 oppressus?
1122 1128 1272 1167 Cotidie
1302 1130 1375 1167 iam

93 1187 203 1224 Balbi
231 1189 280 1224 ad
309 1201 369 1225 me
395 1187 539 1225 litterae
563 1187 817 1235 languidiores
850 1190 1067 1236 multaeque
1096 1192 1300 1228 multorum
1326 1194 1375 1230 ad

38 1249 196 1292 15illum
232 1252 389 1288 fortasse
422 1258 553 1288 contra
586 1264 657 1288 me.
728 1252 820 1287 Meo
852 1250 943 1288 vitio
980 1264 1117 1300 pereog
1156 1253 1249 1290 nihil
1283 1255 1375 1293 mihi

92 1312 179 1349 mali
203 1327 311 1351 casus
337 1314 471 1360 attulit,
496 1314 625 1351 omnia
653 1315 764 1362 culpa
787 1321 981 1351 contracta
1010 1323 1106 1352 sunt.
1165 1318 1247 1365 Ego
1273 1318 1374 1355 enim

90 1389 177 1413 cum
197 1390 315 1425 genus
340 1378 429 1415 belli
449 1378 626 1423 viderem,
650 1377 834 1426 imparata
858 1385 894 1414 et
920 1377 1068 1415 infirma
1091 1379 1220 1416 omnia
1245 1389 1375 1419 contra

91 1440 356 1488 paratissimos,
376 1448 579 1478 statueram
601 1440 693 1489 quid
714 1442 876 1478 facerem
902 1453 1153 1489 ceperamque
1173 1443 1373 1481 consilium

63 1516 167 1539 ·non
199 1510 276 1540 tam
313 1505 407 1541 forte
439 1517 553 1552 quam
587 1504 678 1540 mihi
713 1511 860 1551 praeter
890 1511 1034 1541 ceteros
1068 1507 1371 1544 concedendum.

35 1578 72 1600 20
91 1566 197 1604 Cessi
225 1567 318 1604 meis
345 1569 403 1604 vel
432 1567 558 1616 potius
587 1567 704 1616 parui.
764 1569 820 1603 Ex
849 1567 987 1615 quibus
1017 1581 1114 1605 unus
1143 1581 1218 1616 qua
1246 1577 1373 1608 mente
1392 1577 1417 1605 2

89 1629 208 1675 fuerit,
242 1630 271 1666 is
302 1644 417 1679 quem
448 1638 488 1667 tu
522 1631 615 1667 mihi
649 1631 909 1676 commendas,
942 1643 1149 1679 cognosces
1180 1645 1224 1669 ex
1257 1631 1374 1681 ipsius

87 1691 218 1730 litteris
247 1706 344 1742 quae
372 1695 421 1731 ad
445 1701 482 1731 te
505 1701 541 1732 et
567 1695 615 1731 ad
639 1694 732 1731 alios
760 1693 871 1730 misit.
930 1695 1035 1741 Quas
1064 1707 1133 1742 ego
1162 1708 1371 1743 numquam

86 1755 332 1803 aperuissem,
347 1756 419 1793 nisi
439 1770 497 1793 res
516 1764 601 1793 acta
621 1756 673 1793 sic
694 1763 802 1794 esset.
865 1757 1022 1793 Delatus
1043 1764 1098 1793 est
1118 1758 1166 1793 ad
1188 1770 1248 1794 me
1268 1758 1373 1795 fasci-

86 1820 203 1855 culus.
262 1819 373 1864 Solvi,
397 1819 425 1856 si
455 1819 548 1868 quid
576 1821 625 1857 ad
655 1833 715 1857 me
744 1827 843 1856 esset
873 1819 1088 1857 litterarum.
1146 1820 1251 1856 Nihil
1281 1828 1371 1867 erat,

31 1894 67 1925 25
86 1880 247 1929 epistula
279 1882 434 1920 Vatinio
464 1890 501 1920 et
535 1883 688 1931 Ligurio
716 1885 842 1920 altera.
913 1883 1010 1919 Iussi
1043 1884 1091 1919 ad
1125 1896 1190 1919 eos
1223 1884 1367 1921 deferri.

87 1943 146 1979 Illi
174 1945 224 1981 ad
248 1958 309 1982 me
338 1945 464 1982 statim
491 1947 667 1983 ardentes
694 1948 827 1983 dolore
850 1953 1034 1984 venerunt
1054 1947 1175 1982 scelus
1205 1946 1370 1984 hominis

85 2007 319 2054 clamantes3
348 2007 527 2056 epistulas
557 2008 649 2045 mihi
679 2010 849 2057 legerunt
879 2011 1010 2057 plenas
1040 2008 1211 2045 omnium
1241 2008 1278 2044 in
1309 2022 1369 2047 me

126 2117 145 2145 3
169 2117 231 2137 xm
248 2107 414 2138 Schmidt:
439 2118 485 2137 ΧΗ
503 2108 692 2147 5ίιἰ-ιιΙεο])];
718 2118 773 2138 XVI
794 2108 893 2138 MW:
918 2118 951 2138 w
970 2109 1052 2147 vulg.
1196 2120 1216 2146 9
1239 2109 1368 2139 benivo-

85 2149 183 2178 lentie
209 2160 250 2179 ua
274 2150 349 2180 M¹:
389 2151 631 2180 benivolentiae
655 2161 718 2188 qua
747 2151 807 2180 W:
845 2151 1063 2180 benivolentia
1096 2154 1148 2179 tua
1177 2149 1231 2179 M2
1259 2151 1367 2190 vulg:

84 2191 314 2221 benevolentia
330 2192 439 2222 Vatini
463 2193 647 2231 Sternkopf:
675 2193 753 2230 fort.
780 2193 1010 2222 benevolentia
1034 2202 1133 2230 prava
1158 2193 1220 2231 <vel
1243 2193 1367 2231 iniqua)

88 2243 124 2271 13
149 2234 277 2264 Cotidie
294 2238 376 2264 vett.:
400 2235 451 2264 die
470 2234 568 2263 MW:
597 2235 631 2263 ln
650 2235 719 2264 dies
735 2235 830 2264 Klotz
1001 2236 1036 2262 16
1061 2244 1154 2263 casus
1172 2234 1276 2265 Maru:
1302 2235 1364 2272 caS.

89 2276 150 2312 (zze.
178 2276 290 2310 causa)
320 2275 378 2306 M:
411 2287 525 2306 causas
552 2275 622 2305 WZ
735 2287 806 2306 mea
835 2280 907 2305 ante
935 2276 1029 2314 culpa
1059 2276 1113 2304 dat
1141 2275 1202 2306 cod.
1233 2275 1370 2315 Longoli

84 2317 178 2355 culpa
197 2328 260 2348 om.
278 2317 322 2347 W
405 2320 441 2348 18
465 2323 642 2348 statueram
659 2317 813 2355 Madmjg:
839 2319 880 2348 sit
896 2328 1004 2347 veram
1022 2317 1183 2348 M¹O·W:
1209 2318 1366 2348 sciveram

84 2358 265 2389 M2O²ERs
391 2371 431 2398 24
455 2361 637 2390 litterarum
653 2365 741 2390 esset
761 2359 802 2389 W
