1590 2730
59 117 151 153 XII.
173 116 218 151 vi
540 117 594 152 M.
625 116 787 152 TVLLI
818 116 1115 153 CICERONIS

186 225 343 261 fortasse
362 223 490 272 aliquo
512 223 675 271 negotio.
718 225 767 260 Et
786 236 854 272 pro
874 223 946 260 isto
966 236 1052 260 asso
1072 224 1151 261 sole
1171 235 1249 271 quo
1268 230 1309 261 tu
1328 223 1470 261 abusus

187 300 227 325 es
253 287 291 323 in
318 294 447 325 nostro
474 288 621 335 pratulo
649 300 671 323 a
699 293 735 324 te
764 286 928 324 nitidum
957 288 1077 324 solem
1105 294 1342 335 unctumque
1368 299 1472 335 repe-

188 357 321 387 temus.
379 351 454 387 Sed
474 350 523 386 ad
549 349 669 397 prima
694 350 819 386 redeo.
878 349 1048 395 Librum,
1070 349 1101 386 si
1127 362 1188 386 me
1213 362 1328 395 amas,
1350 348 1467 386 mitte.

189 414 296 450 Tuus
316 420 371 450 est
391 412 493 450 enim
517 414 700 461 profecto.
724 412 905 460 quoniam
930 412 1085 460 quidem
1111 420 1167 450 est
1191 412 1327 449 missus
1349 413 1398 450 ad
1421 419 1468 449 te.

146 478 171 515 3
349 475 564 521 ‘Chremes‚
594 482 793 512 tantumne
819 476 868 512 ab
896 474 934 512 re
963 481 1028 511 tua
1056 482 1112 512 est
1141 477 1194 513 ot1'
1222 475 1314 521 tibi‚'
1490 487 1508 519 5

189 545 230 576 ut
258 538 372 576 etiam
400 539 599 576 Oratorem
628 539 757 586 legas?
814 539 942 574 Macte
971 537 1129 575 virtute!
1187 537 1286 575 Mihi
1314 537 1471 587 quidem

187 609 334 650 gratum
365 606 418 637 est
448 608 484 638 et
515 600 583 638 erit
612 600 751 649 gratius
782 601 811 637 si
845 614 923 638 non
955 601 1072 638 modo
1102 600 1140 637 in
1167 600 1240 638 tuis
1268 600 1371 638 libris
1404 601 1472 638 sed

189 665 302 702 etiam
330 664 366 700 in
400 664 559 701 aliorum
586 677 652 713 per
684 664 854 701 librarios
885 671 971 701 tuos
1001 663 1337 712 ‘Aristophanem'
1368 677 1473 712 repo-

146 739 172 775 4
192 727 308 764 sueris
334 740 402 775 pro
425 727 609 775 ‘Eupoli'
665 728 805 765 Caesar
829 734 956 764 autem
984 726 1077 763 mihi
1104 726 1265 764 inridere
1290 726 1391 763 visus
1417 733 1473 764 est

193 791 376 838 ‘quaeso'
403 790 495 827 illud
516 797 634 836 tuum,
657 791 762 838 quod
788 798 866 827 erat
889 798 926 827 et
949 792 1083 829 εὖπινὲς
1101 797 1138 827 θῖ
1158 791 1356 827 urbanum.
1415 791 1474 827 Ita
1496 803 1532 827 10

189 866 301 902 porro
321 860 357 890 te
377 852 457 890 sine
477 865 568 889 cura
592 866 674 890 esse
700 852 806 890 iussit
827 861 867 889 ut
891 853 984 890 mihi
1007 852 1164 901 quidem
1193 852 1473 890 dubitationem

189 928 345 953 omnem
366 917 522 952 tolleret.
572 915 738 952 Atticam
759 916 873 952 doleo
894 922 970 952 tam
989 915 1055 953 diu
1071 930 1080 962 3
1108 916 1175 953 sed
1196 914 1377 964 quoniam
1397 915 1473 952 iam

190 979 270 1017 sine
291 980 444 1016 horrore
464 985 533 1024 est,
553 991 663 1027 spero
683 991 765 1016 esse
786 985 826 1015 ut
846 980 1031 1016 volumus.

230 1124 321 1164 VII
415 1131 484 1162 δον.
504 1132 537 1162 in
559 1131 738 1162 Tusculano
755 1142 796 1161 m.
816 1132 917 1161 intere.
932 1135 1012 1170 post.
1032 1142 1060 1161 a.
1084 1132 1142 1170 708
1158 1130 1241 1170 (46).

590 1217 756 1247 CICERO
778 1216 953 1247 ATTICO
975 1215 1077 1246 SAL.
1498 1221 1531 1253 ¹5

154 1317 172 1344 1
244 1306 354 1353 Quae
382 1304 575 1342 desideras
602 1304 731 1342 onmia
759 1303 889 1352 scripsi
919 1303 956 1340 in
986 1302 1170 1340 codicillis
1200 1314 1342 1350 eosque
1370 1301 1474 1340 Eroti

191 1368 305 1414 dedi3
347 1367 517 1413 breviter,
554 1368 621 1404 sed
655 1366 767 1404 etiam
802 1368 908 1414 plura
941 1379 1055 1414 quam
1089 1365 1247 1414 quaeris,
1280 1365 1317 1402 in
1350 1365 1394 1402 iis
1427 1366 1494 1402 de

193 1431 403 1476 Cicerone3
441 1430 548 1467 cuius
577 1429 732 1478 quidem
760 1428 999 1477 cogitationis
1022 1428 1170 1465 initium
1195 1436 1234 1465 tu
1264 1428 1357 1465 mihi
1382 1435 1476 1465 attu-

191 1494 275 1531 listi.
333 1495 502 1530 Locutus
540 1506 623 1529 sum
654 1506 741 1529 curn
775 1506 821 1529 eo
854 1491 1136 1537 liberalissime3
1178 1492 1282 1539 quod
1316 1505 1361 1528 ex
1392 1490 1475 1538 ipso

191 1556 314 1601 velim,
343 1556 372 1593 si
402 1557 519 1593 modo
546 1555 613 1592 tibi
642 1555 710 1592 erit
739 1556 999 1601 commodum,
1022 1554 1220 1591 sciscitere.
1279 1555 1355 1591 Sed
1383 1553 1475 1602 quid
1496 1566 1533 1587 20

191 1619 351 1657 differo?
407 1618 575 1667 Exposui
596 1625 632 1655 te
651 1620 704 1654 ad
720 1631 781 1655 me
801 1617 982 1655 detulisse
1008 1625 1044 1654 et
1068 1616 1160 1665 quid
1186 1618 1297 1654 vellet
1321 1624 1357 1653 et
1383 1616 1475 1664 quid

192 1683 405 1731 requireret.
463 1683 571 1719 Velle
600 1682 838 1730 Hispaniam,
873 1681 1060 1729 requirere
1086 1680 1358 1718 liberalitatem.
1417 1682 1476 1716 De

192 1746 414 1783 liberalitate
435 1744 520 1789 dixi,
544 1752 728 1793 quantum
753 1744 947 1789 Publilius,
971 1750 1155 1792 quantum
1176 1744 1314 1780 flamen
1340 1744 1477 1780 Lentu-

193 1810 250 1846 lus
271 1808 358 1846 filio.
418 1809 477 1845 De
500 1807 687 1855 Hispania
707 1809 786 1844 duo
811 1806 928 1852 attuli,
952 1806 1116 1854 primum
1140 1805 1242 1843 idem
1266 1806 1370 1853 quod
1397 1804 1474 1850 tibi,

195 1884 255 1908 me
288 1870 405 1908 vereri
437 1868 764 1918 vituperationem.
823 1871 912 1906 Non
950 1868 1038 1905 satis
1071 1881 1152 1905 esse
1185 1867 1215 1904 si
1249 1869 1343 1904 haec
1374 1879 1478 1903 arma
1498 1880 1533 1911 ²5

194 1934 504 1982 reliquissemus?
532 1933 644 1971 etiam
669 1933 883 1971 contraria?
940 1932 1090 1969 Deinde
1116 1933 1194 1969 fore
1218 1939 1259 1968 ut
1281 1938 1478 1979 angeretur

193 2009 281 2034 cum
301 2010 323 2033 a
343 1998 452 2034 fratre
479 1996 729 2034 familiaritate
750 2003 785 2033 et
807 1995 911 2033 omni
931 1995 1048 2043 gratia
1063 1994 1283 2032 vinceretur.
1327 1995 1477 2031 Vellem

237 2108 255 2136 5
279 2098 454 2137 Chremes]
486 2098 534 2127 l1ic
555 2096 702 2127 Sclzmidl
725 2102 768 2136 cp.
795 2106 912 2126 novam
944 2096 1049 2135 incipit
1073 2096 1220 2135 scriptam
1245 2096 1276 2124 in
1302 2093 1478 2124 Tusculano

196 2151 300 2170 mense
316 2141 492 2170 intercalari
502 2141 667 2178 posteriore
682 2150 713 2170 a.
737 2141 795 2177 705*
812 2139 884 2177 (46)
1020 2147 1036 2175 7
1061 2143 1110 2167 est
1126 2137 1198 2167 add.
1221 2137 1319 2167 Orelli
1414 2137 1478 2166 tuis

196 2183 287 2212 libris
306 2188 326 2213 Σ
345 2183 447 2213 Οάί.;
474 2182 565 2212 libris
582 2181 645 2211 tuis
663 2186 689 2210 Δ
780 2191 816 2210 10
839 2185 872 2210 et
887 2180 948 2210 ER
967 2180 1050 2210 Crat.
1066 2191 1072 2209 :
1097 2191 1158 2210 om.
1175 2180 1214 2208 M
1300 2189 1337 2208 12
1356 2179 1477 2208 tamdiu

195 2225 310 2264 Ivulg.
446 2234 481 2253 21
507 2225 547 2253 ad
565 2225 639 2254 coni.
658 2223 771 2253 Lamh.
788 2234 793 2252 ;
819 2234 861 2253 ex
877 2222 959 2252 codd.
1065 2222 1157 2260 prius
1172 2226 1207 2261 et
1222 2221 1313 2259 quid]
1332 2221 1447 2258 ecquid
1462 2220 1483 2249 I

196 2266 271 2299 (bisi
382 2277 420 2303 27
445 2266 570 2295 Vellem
587 2265 691 2303 magis
707 2265 804 2295 Boot:
826 2265 878 2294 vel
895 2265 991 2294 imma
1007 2263 1077 2295 Ml:
1101 2263 1151 2293 vel
1169 2265 1268 2293 nimia
1285 2263 1334 2292 Μ2
1349 2273 1354 2292 :
1379 2262 1478 2292 vellet

195 2309 298 2346 magis
318 2309 429 2338 Orelli:
455 2308 507 2338 Me
525 2318 597 2337 eum
615 2308 709 2337 malle
725 2307 844 2337 Mteller
