1590 2730
42 128 110 164 XI.
134 127 208 161 xxi
508 128 562 163 M.
593 128 756 164 TVLLI
786 128 1081 165 CICERONIS

110 243 134 279 3
205 235 322 281 Quod
344 248 404 271 me
431 248 565 271 mones
591 242 632 272 ut
651 248 696 272 ea
714 248 811 283 quae
837 249 946 283 agam
971 237 1020 273 ad
1047 244 1196 285 tempus
1219 250 1432 275 accommo-

152 298 249 342 dem,
274 298 446 343 facerem,
469 297 500 334 si
526 310 583 334 res
609 304 798 346 pateretur
820 305 857 335 et
883 298 912 334 si
939 299 1017 335 ullo
1043 300 1161 336 modo
1186 299 1265 336 fieri
1291 307 1428 348 posset.

152 361 226 396 Sed
261 359 298 395 in
328 360 442 397 tantis
469 359 607 397 nostris
635 360 800 409 peccatis
829 361 1019 410 tantisque
1045 369 1260 399 nostrorum
1288 361 1431 399 iniuriis

149 423 243 460 nihil
264 431 319 460 est
339 425 445 472 quod
463 431 528 461 aut
547 426 670 462 facere
685 424 844 473 dignum
864 425 975 462 nobis
994 432 1059 463 aut
1079 425 1255 463 simulare
1274 425 1428 474 possim.

149 489 303 524 Sullana
322 489 471 525 confers
488 501 496 533 ;
524 487 561 524 in
578 488 716 536 quibus
732 488 861 526 onmia
879 503 1016 537 genere
1035 489 1119 538 ipso
1135 489 1432 538 praeclarissima
1450 503 1466 533 5

149 551 312 595 fuerunt,
332 550 593 588 moderatione
611 553 726 599 paulo
746 551 871 588 minus
892 559 1108 600 temperata.
1168 555 1278 590 Haec
1302 560 1430 590 autem

148 612 228 649 eius
266 613 371 651 modi
409 621 496 650 sunt
527 621 567 651 ut
599 614 800 651 obliviscar
830 616 903 651 mee·
929 617 1126 664 multoque
1158 616 1287 653 malim
1325 616 1431 664 quod

148 675 327 712 omnibus
359 676 407 713 sit
434 676 569 713 melius
596 690 708 724 quam
738 691 900 725 quorum
929 677 1129 715 utilitatem
1159 691 1284 715 meam
1313 678 1427 716 iunxi.

147 740 207 774 Tu
239 740 289 776 ad
320 752 381 776 me
413 746 542 777 tamen
573 739 687 776 velim
719 754 834 788 quam
871 741 1091 789 saepissime
1127 741 1268 778 scribas
1305 755 1429 790 eoque

147 801 264 849 magis
285 803 389 850 quod
408 810 601 850 praeterea
623 816 738 840 nemo
758 803 886 840 scribit
904 817 958 849 ac,
982 803 1012 840 si
1032 817 1178 849 omnes,
1198 812 1280 841 tuas
1300 811 1427 842 tamen
1449 819 1488 840 10

147 864 309 902 maxime
337 874 603 914 exspectarem.
662 867 779 913 Quod
807 866 938 903 scribis
967 866 1072 903 illum
1101 880 1167 915 per
1195 880 1255 904 me
1282 867 1429 915 Quinto

146 929 224 964 fore
245 928 501 975 phcatiorem,
523 927 655 977 scripsi
673 929 722 965 ad
743 936 779 965 te
799 937 910 966 antea
929 942 1018 966 eum
1038 929 1163 967 statim
1185 929 1332 977 Quinto
1351 930 1429 968 filio

146 990 275 1027 omnia
295 990 481 1037 tribuisse,
503 990 622 1028 nostri
641 992 785 1028 nullam
806 991 1051 1029 mentionem.
1108 994 1213 1030 Vale.

187 1148 318 1182 XXII
364 1151 431 1182 διν.
449 1151 608 1182 Brundisi
622 1153 687 1183 circ.
706 1153 747 1182 K.
769 1152 865 1192 Sept.⁷
886 1157 920 1182 ul
936 1153 1064 1192 vz'dclur,
1082 1163 1111 1184 a.
1132 1163 1188 1192 707
1205 1153 1290 1194 (47).

543 1237 712 1267 CICERO
742 1237 909 1267 ATTICO
941 1237 1035 1268 SAL.
1448 1248 1484 1279 15

109 1331 125 1356 1
198 1318 407 1367 Ifiligenter
448 1318 539 1355 mibi
578 1317 799 1355 fasciculum
843 1319 1009 1356 reddidit
1048 1319 1157 1356 Balbi
1198 1319 1424 1357 tabellarius.

144 1382 287 1430 Accepi
311 1382 413 1419 enim
439 1395 461 1419 a
487 1390 523 1419 te
550 1381 689 1419 litteras
716 1381 855 1430 quibus
878 1381 1015 1418 videris
1035 1381 1152 1419 vereri
1178 1389 1218 1419 ut
1246 1382 1425 1431 epistulas

142 1444 223 1481 illas
260 1445 482 1494 acceperim.
558 1447 664 1493 Quas
705 1445 862 1493 quidem
899 1447 1034 1482 vellem
1078 1444 1172 1482 mihi
1215 1459 1425 1494 numquam

142 1509 332 1555 redditas;
367 1516 552 1546 auxerunt
579 1508 682 1546 enim
711 1509 803 1546 mihi
832 1510 1003 1546 dolorem
1033 1522 1101 1555 nec,
1133 1510 1163 1546 si
1191 1509 1230 1546 in
1258 1510 1423 1559 aliquem

142 1572 373 1618 incidissent,
407 1572 612 1621 quicquam
650 1572 739 1609 novi
775 1572 998 1609 attulissent.
1068 1572 1173 1620 Quid
1206 1572 1308 1610 enirn
1345 1581 1422 1610 tam
1444 1587 1484 1609 20

140 1639 401 1686 pervulgatum
421 1650 536 1684 quam
563 1635 660 1673 illius
681 1636 719 1673 in
739 1649 800 1673 me
826 1636 958 1673 odium
979 1643 1015 1674 et
1043 1649 1162 1685 genus
1188 1638 1262 1674 hoc
1290 1636 1424 1674 littera-

140 1702 252 1738 rum?
294 1701 398 1749 quod
435 1714 484 1738 ne
517 1701 657 1739 Caesar
687 1700 843 1748 quidem
876 1702 926 1738 ad
959 1700 1050 1737 istos
1080 1700 1228 1737 videtur
1265 1700 1420 1745 misisse,

140 1763 247 1813 quasi
286 1764 349 1813 qui
388 1763 485 1801 illius
523 1763 765 1812 improbitate
799 1765 1063 1810 offenderetur,
1095 1765 1173 1809 sed,
1209 1765 1334 1810 credo,
1370 1764 1423 1801 uti

141 1828 288 1865 notiora
308 1836 434 1864 nostra
458 1829 556 1864 mala
582 1836 717 1864 essent.
776 1828 876 1863 Nam
901 1829 1005 1876 quod
1026 1835 1061 1865 te
1081 1827 1197 1864 vereri
1224 1827 1354 1865 scribis
1374 1841 1422 1865 ne

140 1890 192 1927 illi
222 1890 349 1928 obsint
379 1890 490 1939 eique
520 1890 572 1928 rei
603 1904 656 1927 me
685 1892 740 1928 vl's
770 1890 926 1937 mederi,
956 1905 1004 1928 ne
1036 1890 1155 1939 rogari
1188 1890 1344 1940 quidem
1381 1905 1420 1929 se
1441 1906 1478 1937 25

186 2003 197 2021 1
224 2003 262 2022 ea
286 1991 382 2030 quae]
410 2002 460 2021 me
484 2002 618 2030 meaque
641 1992 726 2021 Koch
836 2002 928 2030 agam
957 1992 1030 2021 add.
1055 1992 1172 2021 Klots:
1206 1992 1318 2030 loquar
1346 1992 1418 2023 add.

145 2034 346 2073 [Vesenbwgt
375 2038 444 2073 post
459 2045 497 2064 ea
514 2034 586 2064 add.
607 2035 733 2064 videam
749 2035 787 2065 I:
817 2038 890 2074 post
906 2039 1036 2072 tempus
1052 2034 1124 2065 add.
1144 2036 1421 2065 accommodanda

140 2078 203 2106 sint
220 2076 388 2106 Lelnnanu
405 2077 470 2106 coll.
488 2078 504 2105 i.
526 2088 572 2115 17.
593 2088 639 2114 10,
657 2078 749 2107 Fam.
768 2078 808 2106 ix.
823 2087 852 2115 9.
866 2086 894 2114 3,
915 2077 979 2106 alia
1099 2087 1115 2114 7
1140 2077 1203 2106 mei
1221 2077 1331 2107 Mam:
1354 2088 1418 2108 om.

140 2118 227 2147 MW
356 2121 375 2148 8
398 2129 492 2157 quam
516 2129 653 2157 quornm
679 2120 809 2149 utilitati
831 2129 936 2148 meam
959 2119 1049 2148 iunxi
1074 2117 1216 2157 Madvig,
1234 2122 1261 2148 et
1275 2119 1319 2148 sic
1333 2120 1416 2158 vulg.

140 2161 299 2200 nssz'qnod
311 2172 406 2200 quam
420 2162 551 2192 onu'ttz't:
576 2172 712 2200 quorum
730 2162 902 2191 utilitatem
921 2171 1026 2191 meam
1045 2162 1128 2190 (eam
1143 2160 1200 2200 lV)
1213 2161 1302 2190 iunxi
1315 2161 1417 2191 codd:

139 2214 233 2241 quam
249 2205 334 2242 quod
353 2205 401 2236 iis.
417 2205 456 2233 ad
473 2214 610 2242 quorum
633 2204 804 2233 utilitatem
825 2214 875 2232 mc
895 2203 1025 2233 adiunxi
1049 2202 1167 2232 Mulier
1298 2213 1335 2241 19
1359 2214 1419 2233 nec

138 2245 210 2275 add.
227 2246 317 2275 Man.
451 2256 490 2274 22
513 2247 617 2285 quod]
634 2256 715 2284 quas
731 2246 855 2284 Kayser
953 2256 993 2274 ne
1013 2245 1123 2275 ORP:
1149 2255 1208 2274 1100
1225 2249 1252 2274 Δ
1379 2256 1418 2283 23

137 2289 229 2326 quasi
248 2289 302 2325 qui
322 2288 455 2318 Mz‘iller:
491 2289 583 2326 quasi
605 2298 669 2326 quo
690 2287 795 2318 codd.:
831 2297 895 2326 quo
911 2287 1040 2317 Ernesti
1163 2296 1202 2325 25
1226 2297 1276 2316 me
1293 2287 1341 2317 vis
1359 2288 1422 2327 (vel

138 2330 244 2368 iubes)
264 2328 336 2359 add.
353 2329 489 2369 Madmg
504 2330 565 2359 coll.
580 2339 629 2360 21.
643 2330 749 2368 3fim:
763 2329 840 2367 fom‘.
862 2329 984 2359 mederi
1002 2339 1052 2359 me
1070 2329 1189 2359 debere
