1590 2730
117 150 199 187 X.i
548 151 601 187 M.
632 150 795 186 TVLLI
825 149 1122 187 CICERONIS

195 256 320 295 minus
349 259 454 306 quod
485 271 562 296 non
592 257 727 295 dubito
756 257 848 305 quid
880 256 991 294 nobis
1022 257 1214 305 agendum
1244 264 1354 305 putes
1369 270 1379 303 3
1411 255 1476 305 qui

195 321 297 359 enirn
315 321 442 358 Flavio
463 320 651 369 legionem
672 327 709 357 et
730 319 895 356 Siciliam
912 318 992 357 dari
1013 319 1154 356 scribas
1174 326 1211 356 et
1230 318 1270 356 id
1290 319 1365 356 iarn
1385 318 1474 365 fieri,

195 397 292 433 quae
312 391 351 421 tu
372 385 512 421 scelera
531 382 666 431 partim
687 381 807 430 parari
827 382 901 418 iam
922 389 959 418 et
979 381 1143 430 cogitari,
1166 381 1302 430 partim
1323 394 1367 418 ex
1386 388 1478 418 tem-

194 459 286 495 pore
315 447 437 483 futura
464 446 625 483 censes?
681 446 763 492 Ego
784 457 872 481 vero
896 444 1060 494 §olonis
1081 443 1273 492 popularis
1300 443 1354 480 tui
1379 448 1414 480 el
1437 451 1477 481 ut

195 516 287 558 puto
308 509 421 546 etiam
443 508 529 553 mei,
550 510 671 556 legem
693 509 899 556 neglegam,
924 507 989 555 qui
1016 507 1138 555 capite
1163 507 1283 544 sanxit
1304 506 1333 543 si
1355 506 1419 555 qui
1439 506 1477 543 in
1497 521 1513 551 5

195 571 382 609 seditione
403 584 480 608 non
500 570 651 608 alterius
672 569 790 607 utrius
811 569 925 618 partis
945 569 1086 614 fuisset,
1105 575 1146 615 el,
1169 569 1241 606 nisi
1261 569 1291 606 si
1312 575 1351 606 tu
1371 568 1478 606 aliter

195 647 336 679 censes³
364 642 399 672 et
429 634 517 671 hinc
546 634 661 672 abero
688 640 724 671 et
750 632 853 669 illim.
912 633 988 669 Sed
1013 634 1173 669 alterum
1203 632 1295 668 mihi
1322 638 1378 669 est
1404 645 1479 669 cer-

196 697 279 742 tius,
303 711 373 734 nec
393 696 617 746 praeripiam
639 703 776 733 tamen.
828 696 1069 744 Exspectabo
1090 702 1197 731 tuum
1218 695 1419 732 consilium
1441 703 1477 732 et

196 774 258 799 eas
278 760 432 806 litteras,
453 759 524 797 nisi
543 759 634 796 alias
660 758 736 796 iam
756 758 895 796 dedisti
916 771 1008 807 quas
1035 757 1165 806 scripsi
1189 765 1230 795 ut
1251 758 1477 806 Cephalioni

197 825 315 862 dares.
1498 835 1536 858 10

155 898 178 935 3
251 887 368 934 Quod
397 885 538 931 scribis,
568 898 645 922 non
673 898 750 933 quo
783 883 960 922 alicunde
992 883 1166 931 audieris,
1198 886 1265 922 sed
1291 892 1327 923 te
1353 884 1477 934 ipsum

196 958 328 1000 putare
359 963 419 987 me
449 956 649 986 attractum
681 948 736 994 iri,
766 947 795 985 si
824 949 872 985 dc
903 961 996 996 pace
1026 955 1166 996 agatur,
1196 948 1291 984 mihi
1321 949 1478 986 omnino

195 1028 274 1053 non
294 1014 395 1052 venit
422 1014 460 1050 in
487 1021 655 1051 mentem
683 1026 780 1061 quae
809 1012 928 1060 possit
954 1011 1053 1049 actio
1080 1024 1161 1049 esse
1187 1010 1235 1049 de
1264 1024 1370 1060 pace,
1390 1025 1478 1049 cum

195 1078 247 1115 illi
268 1077 518 1115 certissimum
539 1077 596 1122 sit,
620 1076 649 1113 si
669 1075 801 1125 possit,
815 1075 1023 1124 exspoliare
1044 1073 1208 1112 exercitu
1229 1082 1266 1112 et
1285 1075 1479 1123 provincia

197 1140 446 1190 Pompeium3
475 1139 546 1177 nisi
572 1141 667 1176 forte
693 1138 762 1176 iste
790 1137 1024 1175 nummarius
1045 1137 1078 1174 ei
1098 1144 1224 1186 potest
1252 1139 1478 1186 persuadere
1499 1152 1534 1182 15

196 1212 247 1250 ut,
270 1206 362 1241 dum
383 1211 549 1241 oratores
573 1194 660 1239 eant
687 1203 852 1246 redeant,
876 1200 1055 1249 quiescat.
1115 1200 1221 1237 Nihil
1241 1199 1353 1238 video
1373 1203 1478 1249 quod

195 1280 342 1316 sperem
359 1273 422 1304 aut
438 1267 543 1315 quod
563 1265 638 1302 iam
658 1273 789 1314 putem
806 1263 884 1301 fieri
904 1277 1025 1312 posse.
1069 1265 1145 1301 Sed
1166 1270 1293 1301 tamen
1313 1264 1478 1302 hominis

195 1331 268 1368 hOC
294 1329 419 1378 ipsum
443 1328 552 1377 probi
578 1335 635 1366 est
655 1332 676 1367 †
691 1340 869 1376 magnum
891 1326 961 1366 sitl-
980 1330 1049 1364 τῶν
1067 1328 1354 1365 πολιτικωτάτων
1373 1345 1480 1377 σκεμ-

194 1396 325 1443 μάτων,
345 1392 628 1430 veniendumne
649 1391 695 1428 sit
720 1391 759 1427 in
786 1390 988 1427 consilium
1017 1389 1163 1438 tyranni
1184 1390 1215 1426 si
1235 1390 1264 1427 is
1284 1390 1411 1438 aliqua
1429 1392 1478 1428 de

196 1471 234 1495 re
254 1458 356 1495 bona
375 1455 649 1493 deliberaturus
669 1454 726 1490 sit.
772 1455 859 1501 Qua
875 1467 913 1490 re
929 1453 959 1489 si
976 1453 1069 1501 quid
1085 1453 1166 1490 eius
1187 1453 1292 1490 modi
1312 1453 1479 1491 evenerit
1499 1466 1537 1488 20

196 1528 237 1558 ut
256 1532 487 1558 arcessamur
501 1519 621 1567 (quod
642 1517 821 1565 equidem
841 1530 919 1553 non
939 1518 1063 1553 credo.
1110 1516 1214 1564 Quid
1234 1515 1335 1553 enim
1356 1529 1479 1554 essem

196 1585 244 1621 de
273 1596 366 1632 pace
395 1582 592 1619 dicturus?
624 1580 710 1625 dixi,
740 1580 819 1627 ipse
848 1580 958 1616 valde
987 1579 1230 1628 repudiavit),
1255 1580 1322 1616 sed
1351 1586 1479 1616 tamen

197 1647 227 1684 si
265 1646 357 1695 quid
393 1644 582 1690 acciderit,
622 1643 714 1692 quid
753 1655 908 1680 censeas
955 1642 1048 1679 mihi
1095 1642 1311 1679 faciendum
1349 1642 1480 1691 utique

197 1709 361 1748 scribito.
432 1707 537 1744 Nihil
575 1706 676 1744 enim
716 1705 809 1742 mihi
846 1706 972 1742 adhuc
1010 1705 1148 1743 accidit
1186 1706 1290 1753 quod
1328 1705 1479 1743 maioris

197 1773 331 1812 consili
359 1780 466 1811 esset.
1499 1780 1538 1814 25

244 1886 256 1906 1
282 1876 334 1914 qui
365 1874 566 1914 lls'esenbetg;
598 1874 673 1905 ordo
700 1875 863 1904 verlormu
890 1878 925 1904 ut
948 1874 979 1903 iu
1007 1874 1043 1912 Q.
1074 1874 1126 1903 Fr.
1154 1874 1172 1903 i.
1203 1883 1227 1903 1.
1252 1883 1308 1911 17:
1340 1873 1417 1911 quid
1444 1871 1482 1901 M

198 1930 217 1956 4
241 1923 272 1948 et
288 1917 359 1948 add.
380 1917 399 1946 I
565 1927 584 1955 5
608 1918 722 1957 etiam]
741 1918 868 1947 iamiam
889 1917 1066 1947 Gronovius
1215 1916 1236 1944 6
1259 1920 1291 1945 et
1307 1915 1380 1945 add.
1400 1915 1483 1944 Boot

199 1971 215 1999 7
240 1961 316 1990 illim
343 1960 460 1990 Orelli:
493 1961 547 1990 filii
573 1959 613 1988 M
785 1960 804 1988 8
829 1959 1023 1998 praeripiam
1049 1958 1089 1987 M
1104 1957 1256 1988 Graevius
1270 1957 1423 1996 Schmidt,
1444 1958 1480 1995 cs.

199 2004 241 2033 ix.
262 2013 305 2040 17.
328 2013 339 2031 ῐ
356 2014 361 2032 :
387 2003 583 2041 praecipiam
602 2003 619 2031 I
634 2003 717 2042 vulg.
846 2012 879 2031 11
906 2001 1057 2031 alicunde
1075 2001 1134 2031 M:
1159 2001 1289 2030 aliunde
1304 2000 1325 2029 I
1444 2009 1480 2037 15

200 2045 395 2075 nummarius
420 2046 534 2080 Man.;
569 2045 650 2075 idem
678 2044 803 2075 videtui·
826 2055 888 2074 esse
919 2048 1012 2082 alque
1038 2048 1168 2081 emptus
1193 2043 1382 2081 pacificator
1403 2045 1416 2078 ξ
1439 2052 1479 2072 2:

199 2089 390 2118 summarius
404 2088 442 2117 M
456 2089 542 2126 quod
555 2099 614 2118 voc.
625 2089 655 2117 si
669 2088 816 2117 retinetur
826 2085 1094 2126 interpretandum
1111 2089 1168 2115 aut
1181 2087 1188 2102 ‘
1200 2083 1479 2124 iufiriorMarius'

201 2131 250 2168 (cf.
270 2130 449 2160 ‘Subballio
461 2129 468 2141 '
486 2130 592 2159 Plaut.
607 2130 720 2160 Pseud.
738 2131 815 2167 607)
832 2133 889 2159 aul
905 2133 941 2158 ul
955 2130 1020 2158 alia
1025 2129 1142 2167 forma
1157 2128 1241 2158 verbi
1255 2130 1262 2144 ‘
1274 2125 1480 2167 sagmarius'

199 2173 218 2204 i.
236 2184 263 2211 q.
285 2174 293 2190 ‘
304 2184 403 2210 equus
420 2173 595 2202 clitellarius
608 2173 615 2184 ’
633 2172 719 2210 quod
732 2172 799 2202 vult
814 2171 962 2201 Scluuidt
1188 2172 1225 2199 16
1249 2175 1324 2200 cant
1345 2171 1481 2200 redeant

199 2215 395 2245 Beroaldus:
434 2220 565 2245 cantent
603 2215 731 2244 rideant
762 2214 818 2243 M:
856 2218 930 2243 eant
964 2218 998 2243 et
1030 2213 1165 2242 redeant
1196 2211 1270 2242 Vict.
1443 2213 1481 2241 18

200 2267 351 2296 magnum
378 2256 434 2295 sit]
458 2262 491 2286 et
515 2267 668 2293 magnum
692 2269 719 2286 τι
743 2256 944 2295 [Veseubergt
980 2259 1014 2284 ut
1036 2265 1101 2284 non
1125 2265 1275 2292 magnum
1299 2255 1340 2283 sit
1368 2252 1485 2292 Tyrrell

200 2310 237 2329 21
264 2300 361 2329 credo
378 2300 452 2328 coni.
474 2300 575 2328 Boot:
599 2309 676 2328 curo
691 2298 773 2328 codd.
792 2309 798 2328 τ
822 2302 900 2336 puto
916 2298 1002 2327 Koch
1100 2296 1186 2334 Quid
1204 2320 1210 2326 .
1230 2320 1235 2326 .
1254 2320 1260 2326 .
1282 2295 1479 2335 repudiavit]

201 2343 243 2371 ita
256 2343 448 2380 iutmpuuxis
460 2341 625 2370 Schmidt:
649 2340 735 2378 Quid
754 2364 759 2370 .
780 2364 785 2370 .
807 2364 812 2369 .
831 2340 986 2378 dicturus,
1002 2340 1068 2369 dixi
1084 2349 1091 2375 ;
1109 2339 1180 2378 ipse
1193 2338 1285 2368 valde
1298 2338 1482 2376 repudiavit

201 2384 286 2423 vulg.
307 2394 314 2421 ;
337 2383 390 2412 sed
403 2386 550 2422 exspectes
565 2384 650 2421 quod
667 2393 672 2411 z
698 2383 778 2420 fort.
798 2381 964 2420 Quicquid
