1590 2730
556 132 664 168 EPP.
696 132 771 168 AD
800 131 1053 170 ATTICVM
1383 134 1451 171 IX.
1467 132 1513 169 ix

161 250 316 287 quoque
335 237 505 275 animum
525 239 640 276 laudo
665 240 732 277 sed
758 239 959 277 consilium
985 241 1248 289 reprehendo,
1276 241 1448 290 dispersu

160 301 263 339 enirn
291 301 440 338 illorum
467 301 566 338 actio
595 303 644 339 de
671 314 765 350 pace
791 303 939 339 sublata
967 310 1023 340 est
1051 317 1165 351 quam
1195 304 1349 352 quidem
1379 317 1449 353 ego

160 364 379 402 meditabar.
437 366 573 413 Itaque
608 373 741 414 postea
779 366 949 403 Demetri
987 366 1123 403 librum
1161 368 1209 404 de
1246 367 1452 404 concordia

159 426 227 464 tibi
246 427 373 466 remisi
392 435 428 465 et
449 427 655 466 Philotimo
675 428 777 466 dedi.
833 430 916 466 Nec
940 442 1028 466 vero
1054 429 1190 468 dubito
1210 429 1302 478 quin
1323 430 1451 469 exitio-

121 500 241 530 5sum
280 492 421 529 bellum
464 491 684 540 impendeat
722 491 829 529 cuius
876 491 1025 529 initium
1071 493 1231 529 ducetur
1271 506 1293 529 a
1336 494 1448 531 fame.

158 555 207 590 Et
237 567 298 591 me
335 562 462 591 tamen
500 555 614 592 doleo
651 567 728 592 non
767 554 946 592 interesse
979 555 1067 592 huic
1106 555 1229 592 bello!
1286 557 1331 592 In
1369 569 1447 604 quo

156 624 260 654 tanta
296 617 351 654 vis
388 617 537 654 sceleris
574 619 698 654 futura
735 626 791 655 est
829 625 878 662 ut,
912 631 999 654 cum
1038 618 1202 666 parentis
1236 631 1314 655 non
1346 620 1446 656 alere

154 679 338 717 nefarium
376 679 432 725 sit,
468 679 584 717 nostri
622 680 810 729 principes
847 680 1149 729 antiquissimam
1187 687 1224 717 et
1261 680 1447 718 sanctissi-

155 755 256 779 mam
293 751 500 792 parentem,
530 743 700 792 patriam,
732 745 831 781 fame
869 745 1082 781 necandam
1116 751 1260 792 putent.
1317 746 1446 793 Atque

98 818 137 841 10
155 805 228 843 hoc
256 819 334 843 non
363 806 544 854 opinione
578 806 694 844 timeo
725 808 792 844 sed
821 806 970 844 interfui
1000 807 1251 844 sermonibus.
1308 807 1445 845 Omnis

153 868 247 905 haec
284 868 412 906 classis
458 870 708 914 Alexandrea,
748 869 914 915 Colchis,
954 871 1065 917 Tyro,
1110 870 1262 915 Sidone,
1302 871 1445 916 Arado,

152 932 288 980 Cypro,
322 932 557 981 Pamphylia,
586 932 712 980 Lycia,
746 933 898 978 Rhodo,
930 932 1039 977 Chio,
1074 933 1266 981 Byzantio,
1303 934 1441 979 Lesbo,

149 995 322 1043 Zmyrna,
346 994 494 1040 Mileto,
515 996 599 1033 Coo
627 996 676 1032 ad
704 995 1014 1032 intercludendos
1045 1003 1281 1033 commeatus
1312 996 1444 1034 Italiae

150 1065 187 1095 et
210 1059 259 1095 ad
285 1059 528 1107 occupandas
554 1057 816 1095 frumentarias
845 1057 1057 1107 provincias
1085 1066 1334 1107 comparatur.
1392 1061 1443 1096 At

94 1134 130 1165 15
150 1134 266 1170 quam
285 1121 411 1159 veniet
431 1121 544 1158 iratus
561 1124 567 1157 1
597 1128 633 1158 et
659 1120 703 1158 iis
723 1121 879 1169 quidem
901 1120 1063 1158 maxime
1083 1121 1147 1169 qui
1168 1134 1255 1158 eum
1280 1121 1443 1160 maxime

148 1186 294 1221 salvum
314 1185 503 1230 volebant,
526 1184 632 1233 quasi
654 1184 803 1221 relictus
829 1184 877 1221 ab
904 1183 947 1220 iis
972 1197 1067 1232 quos
1087 1183 1246 1232 reliquit.
1307 1186 1442 1233 Itaque

148 1249 240 1286 mihi
268 1250 459 1287 dubitanti
489 1249 582 1298 quid
612 1261 672 1285 me
698 1249 820 1285 facere
846 1260 912 1296 par
938 1247 997 1294 sit,
1017 1260 1264 1296 permagnum
1288 1250 1441 1296 pondus

146 1313 267 1351 adfert
295 1313 562 1351 benevolentia
591 1325 678 1361 erga
706 1311 840 1357 illum,
867 1323 943 1359 qua
971 1311 1128 1359 dempta
1155 1310 1275 1359 perire
1304 1311 1440 1349 melius

147 1383 245 1414 esset
266 1375 302 1413 in
324 1376 441 1425 patria
461 1390 575 1426 quam
597 1375 754 1425 patriam
776 1375 963 1412 servando
983 1381 1160 1411 evertere.
1200 1375 1260 1411 De
1280 1381 1441 1422 septem-

92 1451 129 1473 ιο
149 1439 268 1477 trione
288 1441 399 1488 plane
425 1440 476 1477 ita
504 1448 570 1477 est.
630 1441 765 1476 Metuo
792 1452 838 1476 ne
865 1445 1018 1475 vexetur
1048 1437 1209 1486 Epirus3
1237 1439 1304 1475 sed
1325 1451 1438 1486 quem

146 1509 185 1539 tu
207 1503 333 1540 locum
355 1502 536 1540 Graeciae
556 1516 632 1539 non
654 1502 843 1550 direptum
864 1500 906 1537 iri
926 1501 1065 1549 putas?
1120 1500 1317 1538 Praedicat
1337 1500 1438 1538 enim

144 1567 267 1614 palam
302 1573 338 1603 et
376 1566 558 1603 militibus
592 1565 758 1603 ostendit
793 1578 831 1602 se
862 1564 1058 1613 largitione
1092 1563 1173 1612 ipsa
1206 1564 1437 1612 superiorem

142 1642 256 1676 quam
286 1630 389 1666 hunc
417 1631 508 1667 fore.
565 1630 666 1666 Illud
696 1642 756 1666 me
785 1629 975 1677 praeclare
997 1628 1194 1672 admones,
1216 1641 1303 1664 cum
1331 1627 1436 1665 illum

142 1691 282 1739 videro,
316 1705 364 1729 ne
398 1692 509 1729 nimis
546 1691 786 1740 indulgenter
827 1698 864 1728 et
901 1697 941 1727 ut
979 1703 1067 1727 cum
1099 1690 1279 1739 gravitate
1310 1690 1436 1739 potius

86 1768 121 1799 25
142 1755 284 1803 loquar.
343 1757 459 1793 Plane
493 1755 546 1793 sic
583 1755 811 1793 faciendum.
869 1753 1072 1803 Arpinum,
1103 1767 1190 1791 cum
1228 1767 1315 1791 eum
1349 1767 1437 1791 con-

140 1831 290 1864 venero,
313 1819 450 1867 cogito,
473 1832 520 1856 ne
553 1819 648 1856 forte
675 1825 739 1855 aut
768 1817 889 1855 absim
920 1831 1008 1855 cum
1037 1816 1163 1854 veniet
1193 1823 1258 1853 aut
1287 1830 1435 1854 cursem

138 1882 213 1920 huc
239 1881 329 1920 illuc
348 1882 408 1919 via
433 1881 644 1920 deterrima.
704 1880 898 1927 Bibulum,
918 1888 958 1918 ut
985 1879 1129 1926 scribis,
1149 1879 1264 1917 audio
1288 1879 1436 1918 venisse

137 1952 174 1982 et
192 1945 335 1984 redisse
353 1944 474 1994 pridie
495 1946 598 1983 Idus.

190 2008 450 2054 Philotimum,
472 2015 513 2045 ut
532 2007 586 2045 ais
612 2007 650 2044 in
670 2006 831 2055 epistula
851 2006 969 2053 tertia,
992 2006 1248 2055 exspectabas.
1297 2007 1348 2042 At
1368 2005 1430 2044 ille
1448 2015 1472 2052 3

79 2084 121 2115 30
140 2070 274 2109 Idibus
299 2084 322 2108 a
349 2084 410 2108 me
439 2072 630 2120 profectus
659 2076 727 2107 est.
783 2071 842 2107 Eo
871 2069 988 2106 serius
1016 2070 1065 2106 ad
1092 2076 1196 2106 tuam
1220 2068 1321 2106 illam
1356 2068 1431 2118 epi-

137 2135 275 2171 stulam
304 2134 394 2182 quoi
428 2147 498 2182 ego
536 2133 661 2171 statim
695 2132 958 2181 rescripseram
992 2131 1163 2170 redditae
1201 2139 1289 2168 sunt
1323 2144 1430 2169 meae

136 2195 289 2234 litterae.
349 2199 409 2234 De
444 2196 625 2242 Domitio,
649 2203 690 2233 ut
720 2195 861 2241 scribis,
894 2195 945 2232 ita
974 2194 1110 2243 opinor
1140 2207 1233 2245 esse·
1252 2201 1294 2232 ut
1323 2202 1360 2232 et
1393 2194 1431 2232 in

180 2308 193 2328 1
219 2299 427 2338 dispersione
455 2298 519 2329 FI:
552 2298 700 2328 discessu
726 2296 844 2328 Mam:
878 2297 1029 2334 digressu
1061 2295 1243 2335 U’esenbezg
1390 2305 1429 2335 27

135 2342 301 2372 teterrima
319 2352 346 2372 v.
362 2352 384 2371 c.
410 2340 594 2380 Wesenberg
711 2350 752 2378 29
776 2340 823 2369 ais
840 2339 873 2369 in
896 2340 1099 2379 lflfeswzberg:
1122 2339 1194 2369 aliis
1211 2337 1285 2369 Ml:
1310 2339 1360 2368 ais
1378 2339 1431 2368 M·-'
