<?xml version="1.0" encoding="UTF-8"?>
<!DOCTYPE html PUBLIC "-//W3C//DTD XHTML 1.0 Transitional//EN"
    "http://www.w3.org/TR/xhtml1/DTD/xhtml1-transitional.dtd">
<html xmlns="http://www.w3.org/1999/xhtml" xml:lang="en" lang="en">
 <head>
  <title>
</title>
<meta http-equiv="Content-Type" content="text/html;charset=utf-8" />
  <meta name='ocr-system' content='tesseract 3.04.00' />
  <meta name='ocr-capabilities' content='ocr_page ocr_carea ocr_par ocr_line ocrx_word'/>
</head>
<body>
  <div class='ocr_page' id='page_1' title='image "./mtulliciceronise00cice_0056.png"; bbox 0 0 1590 2730; ppageno 0'>
   <div class='ocr_carea' id='block_1_1' title="bbox 98 130 1097 169">
    <p class='ocr_par' dir='ltr' id='par_1_1' title="bbox 98 130 1097 169">
     <span class='ocr_line' id='line_1_1' title="bbox 98 130 1097 169; baseline -0.001 -1"><span class='ocrx_word' id='word_1_1' title='bbox 98 133 144 169; x_wconf 91' lang='lat' dir='ltr'>X.</span> <span class='ocrx_word' id='word_1_2' title='bbox 167 132 211 167; x_wconf 89' lang='lat' dir='ltr'>iv</span> <span class='ocrx_word' id='word_1_3' title='bbox 524 132 577 168; x_wconf 91' lang='lat' dir='ltr'>M.</span> <span class='ocrx_word' id='word_1_4' title='bbox 608 131 770 167; x_wconf 83' lang='lat' dir='ltr'>TVLLI</span> <span class='ocrx_word' id='word_1_5' title='bbox 801 130 1097 169; x_wconf 87' lang='lat' dir='ltr'>CICERONIS</span> 
     </span>
    </p>
   </div>
   <div class='ocr_carea' id='block_1_2' title="bbox 129 239 1458 2055">
    <p class='ocr_par' dir='ltr' id='par_1_2' title="bbox 129 239 1458 2055">
     <span class='ocr_line' id='line_1_2' title="bbox 175 239 1451 289; baseline -0.002 -12"><span class='ocrx_word' id='word_1_6' title='bbox 175 240 342 289; x_wconf 86' lang='lat' dir='ltr'>quidem,</span> <span class='ocrx_word' id='word_1_7' title='bbox 365 239 430 289; x_wconf 90' lang='lat' dir='ltr'>qui</span> <span class='ocrx_word' id='word_1_8' title='bbox 453 253 493 278; x_wconf 85' lang='lat' dir='ltr'>se</span> <span class='ocrx_word' id='word_1_9' title='bbox 518 239 612 277; x_wconf 81' lang='lat' dir='ltr'>nihil</span> <span class='ocrx_word' id='word_1_10' title='bbox 637 247 769 278; x_wconf 86' lang='lat' dir='ltr'>contra</span> <span class='ocrx_word' id='word_1_11' title='bbox 794 239 905 277; x_wconf 89' lang='lat' dir='ltr'>huius</span> <span class='ocrx_word' id='word_1_12' title='bbox 924 240 1159 276; x_wconf 86' lang='lat' dir='ltr'>voluntatem</span> <span class='ocrx_word' id='word_1_13' title='bbox 1182 239 1304 275; x_wconf 88' lang='lat' dir='ltr'>facere</span> <span class='ocrx_word' id='word_1_14' title='bbox 1328 249 1451 286; x_wconf 90' lang='lat' dir='ltr'>posse,</span> 
     </span>
     <span class='ocr_line' id='line_1_3' title="bbox 173 299 1456 352; baseline -0.004 -11"><span class='ocrx_word' id='word_1_15' title='bbox 173 305 322 352; x_wconf 84' lang='lat' dir='ltr'>elapsus</span> <span class='ocrx_word' id='word_1_16' title='bbox 343 317 363 341; x_wconf 91' lang='lat' dir='ltr'>e</span> <span class='ocrx_word' id='word_1_17' title='bbox 384 303 503 341; x_wconf 90' lang='lat' dir='ltr'>soceri</span> <span class='ocrx_word' id='word_1_18' title='bbox 529 303 705 340; x_wconf 84' lang='lat' dir='ltr'>manibus</span> <span class='ocrx_word' id='word_1_19' title='bbox 724 316 768 340; x_wconf 84' lang='lat' dir='ltr'>ae</span> <span class='ocrx_word' id='word_1_20' title='bbox 788 304 885 340; x_wconf 87' lang='lat' dir='ltr'>ferro</span> <span class='ocrx_word' id='word_1_21' title='bbox 904 303 1047 340; x_wconf 91' lang='lat' dir='ltr'>bellum</span> <span class='ocrx_word' id='word_1_22' title='bbox 1067 308 1163 339; x_wconf 88' lang='lat' dir='ltr'>terra</span> <span class='ocrx_word' id='word_1_23' title='bbox 1183 308 1220 338; x_wconf 86' lang='lat' dir='ltr'>et</span> <span class='ocrx_word' id='word_1_24' title='bbox 1239 299 1332 337; x_wconf 84' lang='lat' dir='ltr'>mari</span> <span class='ocrx_word' id='word_1_25' title='bbox 1355 312 1456 337; x_wconf 89' lang='lat' dir='ltr'>com-</span> 
     </span>
     <span class='ocr_line' id='line_1_4' title="bbox 174 362 1456 416; baseline -0.003 -13"><span class='ocrx_word' id='word_1_26' title='bbox 174 374 278 416; x_wconf 88' lang='lat' dir='ltr'>parat</span> <span class='ocrx_word' id='word_1_27' title='bbox 305 380 382 404; x_wconf 90' lang='lat' dir='ltr'>non</span> <span class='ocrx_word' id='word_1_28' title='bbox 407 367 589 404; x_wconf 88' lang='lat' dir='ltr'>iniustum</span> <span class='ocrx_word' id='word_1_29' title='bbox 614 367 676 404; x_wconf 87' lang='lat' dir='ltr'>ille</span> <span class='ocrx_word' id='word_1_30' title='bbox 704 366 870 415; x_wconf 86' lang='lat' dir='ltr'>quidem,</span> <span class='ocrx_word' id='word_1_31' title='bbox 893 367 961 403; x_wconf 89' lang='lat' dir='ltr'>sed</span> <span class='ocrx_word' id='word_1_32' title='bbox 987 378 1074 402; x_wconf 87' lang='lat' dir='ltr'>cum</span> <span class='ocrx_word' id='word_1_33' title='bbox 1100 364 1206 413; x_wconf 90' lang='lat' dir='ltr'>pium</span> <span class='ocrx_word' id='word_1_34' title='bbox 1231 371 1313 400; x_wconf 89' lang='lat' dir='ltr'>tum</span> <span class='ocrx_word' id='word_1_35' title='bbox 1342 362 1456 400; x_wconf 89' lang='lat' dir='ltr'>etiam</span> 
     </span>
     <span class='ocr_line' id='line_1_5' title="bbox 176 425 1457 475; baseline -0.004 -8"><span class='ocrx_word' id='word_1_36' title='bbox 176 430 439 475; x_wconf 84' lang='lat' dir='ltr'>necessarium,</span> <span class='ocrx_word' id='word_1_37' title='bbox 463 429 538 466; x_wconf 89' lang='lat' dir='ltr'>suis</span> <span class='ocrx_word' id='word_1_38' title='bbox 567 437 694 466; x_wconf 84' lang='lat' dir='ltr'>tamen</span> <span class='ocrx_word' id='word_1_39' title='bbox 721 429 866 466; x_wconf 86' lang='lat' dir='ltr'>civibus</span> <span class='ocrx_word' id='word_1_40' title='bbox 892 428 1080 466; x_wconf 79' lang='lat' dir='ltr'>exitiabile</span> <span class='ocrx_word' id='word_1_41' title='bbox 1106 427 1178 464; x_wconf 87' lang='lat' dir='ltr'>nisi</span> <span class='ocrx_word' id='word_1_42' title='bbox 1201 425 1340 471; x_wconf 90' lang='lat' dir='ltr'>vicerit,</span> <span class='ocrx_word' id='word_1_43' title='bbox 1363 427 1457 463; x_wconf 85' lang='lat' dir='ltr'>cala-</span> 
     </span>
     <span class='ocr_line' id='line_1_6' title="bbox 132 489 1457 543; baseline -0.002 -14"><span class='ocrx_word' id='word_1_44' title='bbox 132 506 159 543; x_wconf 92' lang='lat'>4</span> <span class='ocrx_word' id='word_1_45' title='bbox 178 493 358 531; x_wconf 82' lang='lat' dir='ltr'>mitosum</span> <span class='ocrx_word' id='word_1_46' title='bbox 379 493 491 530; x_wconf 87' lang='lat' dir='ltr'>etiam</span> <span class='ocrx_word' id='word_1_47' title='bbox 516 493 545 530; x_wconf 82' lang='lat' dir='ltr'>si</span> <span class='ocrx_word' id='word_1_48' title='bbox 565 492 704 530; x_wconf 86' lang='lat' dir='ltr'>vicerit.</span> <span class='ocrx_word' id='word_1_49' title='bbox 764 494 915 529; x_wconf 89' lang='lat' dir='ltr'>Horum</span> <span class='ocrx_word' id='word_1_50' title='bbox 942 505 1012 540; x_wconf 84' lang='lat' dir='ltr'>ego</span> <span class='ocrx_word' id='word_1_51' title='bbox 1038 503 1274 528; x_wconf 88' lang='lat' dir='ltr'>summorum</span> <span class='ocrx_word' id='word_1_52' title='bbox 1300 489 1457 538; x_wconf 90' lang='lat' dir='ltr'>impera-</span> 
     </span>
     <span class='ocr_line' id='line_1_7' title="bbox 177 553 1457 604; baseline -0.004 -11"><span class='ocrx_word' id='word_1_53' title='bbox 177 563 301 593; x_wconf 88' lang='lat' dir='ltr'>torum</span> <span class='ocrx_word' id='word_1_54' title='bbox 321 569 399 593; x_wconf 90' lang='lat' dir='ltr'>non</span> <span class='ocrx_word' id='word_1_55' title='bbox 420 557 536 593; x_wconf 86' lang='lat' dir='ltr'>modo</span> <span class='ocrx_word' id='word_1_56' title='bbox 562 569 619 593; x_wconf 91' lang='lat' dir='ltr'>res</span> <span class='ocrx_word' id='word_1_57' title='bbox 645 563 768 604; x_wconf 82' lang='lat' dir='ltr'>gestas</span> <span class='ocrx_word' id='word_1_58' title='bbox 794 568 872 592; x_wconf 93' lang='lat' dir='ltr'>non</span> <span class='ocrx_word' id='word_1_59' title='bbox 898 562 1092 603; x_wconf 81' lang='lat' dir='ltr'>antepono</span> <span class='ocrx_word' id='word_1_60' title='bbox 1116 553 1209 590; x_wconf 85' lang='lat' dir='ltr'>meis</span> <span class='ocrx_word' id='word_1_61' title='bbox 1233 553 1300 590; x_wconf 91' lang='lat' dir='ltr'>sed</span> <span class='ocrx_word' id='word_1_62' title='bbox 1319 565 1368 589; x_wconf 91' lang='lat' dir='ltr'>ne</span> <span class='ocrx_word' id='word_1_63' title='bbox 1387 553 1457 589; x_wconf 89' lang='lat' dir='ltr'>for-</span> 
     </span>
     <span class='ocr_line' id='line_1_8' title="bbox 174 614 1456 668; baseline -0.002 -13"><span class='ocrx_word' id='word_1_64' title='bbox 174 625 306 656; x_wconf 81' lang='lat' dir='ltr'>tunam</span> <span class='ocrx_word' id='word_1_65' title='bbox 337 618 492 667; x_wconf 87' lang='lat' dir='ltr'>quidem</span> <span class='ocrx_word' id='word_1_66' title='bbox 524 618 669 668; x_wconf 79' lang='lat' dir='ltr'>ipsam3</span> <span class='ocrx_word' id='word_1_67' title='bbox 711 631 786 667; x_wconf 85' lang='lat' dir='ltr'>qua</span> <span class='ocrx_word' id='word_1_68' title='bbox 816 618 869 655; x_wconf 91' lang='lat' dir='ltr'>illi</span> <span class='ocrx_word' id='word_1_69' title='bbox 899 616 1173 662; x_wconf 88' lang='lat' dir='ltr'>florentissima,</span> <span class='ocrx_word' id='word_1_70' title='bbox 1205 628 1274 652; x_wconf 88' lang='lat' dir='ltr'>nos</span> <span class='ocrx_word' id='word_1_71' title='bbox 1306 614 1456 653; x_wconf 88' lang='lat' dir='ltr'>duriore</span> 
     </span>
     <span class='ocr_line' id='line_1_9' title="bbox 174 681 1457 730; baseline -0.002 -11"><span class='ocrx_word' id='word_1_72' title='bbox 174 683 380 720; x_wconf 87' lang='lat' dir='ltr'>conflictati</span> <span class='ocrx_word' id='word_1_73' title='bbox 409 682 590 720; x_wconf 88' lang='lat' dir='ltr'>videmur.</span> <span class='ocrx_word' id='word_1_74' title='bbox 650 682 746 729; x_wconf 85' lang='lat' dir='ltr'>Quis</span> <span class='ocrx_word' id='word_1_75' title='bbox 775 681 878 718; x_wconf 87' lang='lat' dir='ltr'>enim</span> <span class='ocrx_word' id='word_1_76' title='bbox 907 688 1031 730; x_wconf 87' lang='lat' dir='ltr'>potest</span> <span class='ocrx_word' id='word_1_77' title='bbox 1059 687 1123 718; x_wconf 88' lang='lat' dir='ltr'>aut</span> <span class='ocrx_word' id='word_1_78' title='bbox 1152 681 1300 717; x_wconf 88' lang='lat' dir='ltr'>deserta</span> <span class='ocrx_word' id='word_1_79' title='bbox 1325 691 1391 727; x_wconf 93' lang='lat' dir='ltr'>per</span> <span class='ocrx_word' id='word_1_80' title='bbox 1417 691 1457 716; x_wconf 89' lang='lat' dir='ltr'>se</span> 
     </span>
     <span class='ocr_line' id='line_1_10' title="bbox 174 743 1457 794; baseline -0.004 -11"><span class='ocrx_word' id='word_1_81' title='bbox 174 745 293 794; x_wconf 85' lang='lat' dir='ltr'>patria</span> <span class='ocrx_word' id='word_1_82' title='bbox 312 753 376 783; x_wconf 91' lang='lat' dir='ltr'>aut</span> <span class='ocrx_word' id='word_1_83' title='bbox 399 758 578 794; x_wconf 86' lang='lat' dir='ltr'>oppressa</span> <span class='ocrx_word' id='word_1_84' title='bbox 604 746 738 783; x_wconf 86' lang='lat' dir='ltr'>beatus</span> <span class='ocrx_word' id='word_1_85' title='bbox 765 746 878 782; x_wconf 88' lang='lat' dir='ltr'>esse?</span> <span class='ocrx_word' id='word_1_86' title='bbox 934 746 982 781; x_wconf 90' lang='lat' dir='ltr'>Et</span> <span class='ocrx_word' id='word_1_87' title='bbox 1011 743 1051 789; x_wconf 88' lang='lat' dir='ltr'>si,</span> <span class='ocrx_word' id='word_1_88' title='bbox 1075 751 1114 780; x_wconf 91' lang='lat' dir='ltr'>ut</span> <span class='ocrx_word' id='word_1_89' title='bbox 1140 755 1209 780; x_wconf 92' lang='lat' dir='ltr'>nos</span> <span class='ocrx_word' id='word_1_90' title='bbox 1229 755 1251 779; x_wconf 83' lang='lat' dir='ltr'>a</span> <span class='ocrx_word' id='word_1_91' title='bbox 1271 750 1307 779; x_wconf 94' lang='lat' dir='ltr'>te</span> <span class='ocrx_word' id='word_1_92' title='bbox 1327 743 1457 779; x_wconf 88' lang='lat' dir='ltr'>admo-</span> 
     </span>
     <span class='ocr_line' id='line_1_11' title="bbox 174 805 1456 854; baseline -0.003 -9"><span class='ocrx_word' id='word_1_93' title='bbox 174 822 318 854; x_wconf 88' lang='lat' dir='ltr'>nemur,</span> <span class='ocrx_word' id='word_1_94' title='bbox 349 816 448 846; x_wconf 86' lang='lat' dir='ltr'>recte</span> <span class='ocrx_word' id='word_1_95' title='bbox 477 808 514 846; x_wconf 91' lang='lat' dir='ltr'>in</span> <span class='ocrx_word' id='word_1_96' title='bbox 543 808 614 846; x_wconf 89' lang='lat' dir='ltr'>illis</span> <span class='ocrx_word' id='word_1_97' title='bbox 643 808 746 845; x_wconf 86' lang='lat' dir='ltr'>libris</span> <span class='ocrx_word' id='word_1_98' title='bbox 777 807 940 845; x_wconf 83' lang='lat' dir='ltr'>diximus</span> <span class='ocrx_word' id='word_1_99' title='bbox 973 806 1066 843; x_wconf 88' lang='lat' dir='ltr'>nihil</span> <span class='ocrx_word' id='word_1_100' title='bbox 1099 819 1181 843; x_wconf 86' lang='lat' dir='ltr'>esse</span> <span class='ocrx_word' id='word_1_101' title='bbox 1210 807 1355 843; x_wconf 88' lang='lat' dir='ltr'>bonum</span> <span class='ocrx_word' id='word_1_102' title='bbox 1384 805 1456 842; x_wconf 89' lang='lat' dir='ltr'>nisi</span> 
     </span>
     <span class='ocr_line' id='line_1_12' title="bbox 173 869 1456 920; baseline -0.003 -11"><span class='ocrx_word' id='word_1_103' title='bbox 173 873 279 920; x_wconf 90' lang='lat' dir='ltr'>quod</span> <span class='ocrx_word' id='word_1_104' title='bbox 299 873 513 916; x_wconf 89' lang='lat' dir='ltr'>honestum,</span> <span class='ocrx_word' id='word_1_105' title='bbox 537 871 630 908; x_wconf 87' lang='lat' dir='ltr'>nihil</span> <span class='ocrx_word' id='word_1_106' title='bbox 651 872 792 908; x_wconf 90' lang='lat' dir='ltr'>malum</span> <span class='ocrx_word' id='word_1_107' title='bbox 813 870 884 908; x_wconf 92' lang='lat' dir='ltr'>nisi</span> <span class='ocrx_word' id='word_1_108' title='bbox 905 872 1009 918; x_wconf 89' lang='lat' dir='ltr'>quod</span> <span class='ocrx_word' id='word_1_109' title='bbox 1030 878 1138 918; x_wconf 80' lang='lat' dir='ltr'><strong>turpe</strong></span> <span class='ocrx_word' id='word_1_110' title='bbox 1162 869 1219 914; x_wconf 90' lang='lat' dir='ltr'>sit,</span> <span class='ocrx_word' id='word_1_111' title='bbox 1241 876 1341 906; x_wconf 88' lang='lat' dir='ltr'>certe</span> <span class='ocrx_word' id='word_1_112' title='bbox 1361 875 1456 905; x_wconf 88' lang='lat' dir='ltr'>uter-</span> 
     </span>
     <span class='ocr_line' id='line_1_13' title="bbox 174 931 1456 982; baseline -0.002 -11"><span class='ocrx_word' id='word_1_113' title='bbox 174 946 250 982; x_wconf 86' lang='lat' dir='ltr'>que</span> <span class='ocrx_word' id='word_1_114' title='bbox 269 934 426 972; x_wconf 89' lang='lat' dir='ltr'>istorum</span> <span class='ocrx_word' id='word_1_115' title='bbox 453 941 508 971; x_wconf 90' lang='lat' dir='ltr'>est</span> <span class='ocrx_word' id='word_1_116' title='bbox 528 933 758 971; x_wconf 87' lang='lat' dir='ltr'>miserrimus</span> <span class='ocrx_word' id='word_1_117' title='bbox 787 946 949 982; x_wconf 90' lang='lat' dir='ltr'>quorum</span> <span class='ocrx_word' id='word_1_118' title='bbox 970 933 1119 981; x_wconf 86' lang='lat' dir='ltr'>utrique</span> <span class='ocrx_word' id='word_1_119' title='bbox 1144 944 1293 980; x_wconf 77' lang='lat' dir='ltr'><strong>semper</strong></span> <span class='ocrx_word' id='word_1_120' title='bbox 1315 931 1456 980; x_wconf 80' lang='lat' dir='ltr'>patriae</span> 
     </span>
     <span class='ocr_line' id='line_1_14' title="bbox 174 993 1456 1045; baseline -0.002 -12"><span class='ocrx_word' id='word_1_121' title='bbox 174 998 339 1034; x_wconf 82' lang='lat' dir='ltr'>salus-et</span> <span class='ocrx_word' id='word_1_122' title='bbox 368 996 530 1044; x_wconf 80' lang='lat' dir='ltr'>dignitas</span> <span class='ocrx_word' id='word_1_123' title='bbox 559 996 743 1045; x_wconf 79' lang='lat' dir='ltr'>posterior</span> <span class='ocrx_word' id='word_1_124' title='bbox 775 1009 842 1033; x_wconf 86' lang='lat' dir='ltr'>sua</span> <span class='ocrx_word' id='word_1_125' title='bbox 875 995 1137 1033; x_wconf 79' lang='lat' dir='ltr'>dominatione</span> <span class='ocrx_word' id='word_1_126' title='bbox 1170 998 1207 1031; x_wconf 86' lang='lat' dir='ltr'>et</span> <span class='ocrx_word' id='word_1_127' title='bbox 1237 993 1456 1031; x_wconf 83' lang='lat' dir='ltr'>domesticis</span> 
     </span>
     <span class='ocr_line' id='line_1_15' title="bbox 133 1057 1455 1106; baseline -0.002 -10"><span class='ocrx_word' id='word_1_128' title='bbox 133 1068 156 1106; x_wconf 89' lang='lat'><strong><em>5</em></strong></span> <span class='ocrx_word' id='word_1_129' title='bbox 175 1059 388 1097; x_wconf 89' lang='lat' dir='ltr'>commodis</span> <span class='ocrx_word' id='word_1_130' title='bbox 409 1059 487 1097; x_wconf 90' lang='lat' dir='ltr'>fuit.</span> <span class='ocrx_word' id='word_1_131' title='bbox 545 1061 740 1096; x_wconf 86' lang='lat' dir='ltr'>Praeclara</span> <span class='ocrx_word' id='word_1_132' title='bbox 759 1058 870 1106; x_wconf 82' lang='lat' dir='ltr'>igitur</span> <span class='ocrx_word' id='word_1_133' title='bbox 890 1057 1123 1095; x_wconf 83' lang='lat' dir='ltr'>conscientia</span> <span class='ocrx_word' id='word_1_134' title='bbox 1146 1064 1348 1102; x_wconf 84' lang='lat' dir='ltr'>sustentor,</span> <span class='ocrx_word' id='word_1_135' title='bbox 1368 1070 1455 1093; x_wconf 86' lang='lat' dir='ltr'>curn</span> 
     </span>
     <span class='ocr_line' id='line_1_16' title="bbox 174 1120 1453 1170; baseline -0.002 -12"><span class='ocrx_word' id='word_1_136' title='bbox 174 1122 300 1170; x_wconf 83' lang='lat' dir='ltr'>cogito</span> <span class='ocrx_word' id='word_1_137' title='bbox 321 1135 381 1160; x_wconf 91' lang='lat' dir='ltr'>me</span> <span class='ocrx_word' id='word_1_138' title='bbox 401 1123 448 1160; x_wconf 90' lang='lat' dir='ltr'>de</span> <span class='ocrx_word' id='word_1_139' title='bbox 469 1135 506 1160; x_wconf 92' lang='lat' dir='ltr'>re</span> <span class='ocrx_word' id='word_1_140' title='bbox 526 1122 679 1170; x_wconf 87' lang='lat' dir='ltr'>publica</span> <span class='ocrx_word' id='word_1_141' title='bbox 698 1129 762 1159; x_wconf 87' lang='lat' dir='ltr'>aut</span> <span class='ocrx_word' id='word_1_142' title='bbox 783 1121 964 1159; x_wconf 89' lang='lat' dir='ltr'>meruisse</span> <span class='ocrx_word' id='word_1_143' title='bbox 984 1121 1127 1170; x_wconf 89' lang='lat' dir='ltr'>optime</span> <span class='ocrx_word' id='word_1_144' title='bbox 1147 1134 1234 1158; x_wconf 90' lang='lat' dir='ltr'>cum</span> <span class='ocrx_word' id='word_1_145' title='bbox 1254 1120 1453 1168; x_wconf 88' lang='lat' dir='ltr'>potuerim,</span> 
     </span>
     <span class='ocr_line' id='line_1_17' title="bbox 173 1184 1456 1234; baseline -0.001 -12"><span class='ocrx_word' id='word_1_146' title='bbox 173 1192 238 1222; x_wconf 88' lang='lat' dir='ltr'>aut</span> <span class='ocrx_word' id='word_1_147' title='bbox 258 1193 358 1223; x_wconf 91' lang='lat' dir='ltr'>certe</span> <span class='ocrx_word' id='word_1_148' title='bbox 379 1199 588 1234; x_wconf 85' lang='lat' dir='ltr'>numquam</span> <span class='ocrx_word' id='word_1_149' title='bbox 610 1185 681 1222; x_wconf 88' lang='lat' dir='ltr'>nisi</span> <span class='ocrx_word' id='word_1_150' title='bbox 701 1185 762 1233; x_wconf 89' lang='lat' dir='ltr'>pie</span> <span class='ocrx_word' id='word_1_151' title='bbox 778 1184 974 1233; x_wconf 82' lang='lat' dir='ltr'>cogitasse,</span> <span class='ocrx_word' id='word_1_152' title='bbox 990 1197 1110 1232; x_wconf 88' lang='lat' dir='ltr'>eaque</span> <span class='ocrx_word' id='word_1_153' title='bbox 1130 1184 1211 1232; x_wconf 78' lang='lat' dir='ltr'>ipsa</span> <span class='ocrx_word' id='word_1_154' title='bbox 1231 1191 1456 1232; x_wconf 85' lang='lat' dir='ltr'>tempestate</span> 
     </span>
     <span class='ocr_line' id='line_1_18' title="bbox 174 1246 1456 1297; baseline -0.003 -11"><span class='ocrx_word' id='word_1_155' title='bbox 174 1261 343 1286; x_wconf 85' lang='lat' dir='ltr'>eversam</span> <span class='ocrx_word' id='word_1_156' title='bbox 364 1261 445 1286; x_wconf 91' lang='lat' dir='ltr'>esse</span> <span class='ocrx_word' id='word_1_157' title='bbox 471 1261 549 1286; x_wconf 91' lang='lat' dir='ltr'>rem</span> <span class='ocrx_word' id='word_1_158' title='bbox 576 1248 768 1297; x_wconf 86' lang='lat' dir='ltr'>publicam</span> <span class='ocrx_word' id='word_1_159' title='bbox 790 1260 904 1296; x_wconf 85' lang='lat' dir='ltr'>quam</span> <span class='ocrx_word' id='word_1_160' title='bbox 925 1260 995 1296; x_wconf 82' lang='lat' dir='ltr'>ego</span> <span class='ocrx_word' id='word_1_161' title='bbox 1015 1258 1106 1283; x_wconf 84' lang='lat' dir='ltr'>XIIII</span> <span class='ocrx_word' id='word_1_162' title='bbox 1128 1246 1236 1283; x_wconf 86' lang='lat' dir='ltr'>annis</span> <span class='ocrx_word' id='word_1_163' title='bbox 1260 1253 1347 1283; x_wconf 85' lang='lat' dir='ltr'>ante</span> <span class='ocrx_word' id='word_1_164' title='bbox 1374 1259 1456 1294; x_wconf 92' lang='lat' dir='ltr'>pro-</span> 
     </span>
     <span class='ocr_line' id='line_1_19' title="bbox 174 1309 1456 1360; baseline -0.002 -12"><span class='ocrx_word' id='word_1_165' title='bbox 174 1311 370 1359; x_wconf 78' lang='lat' dir='ltr'>spexerim.</span> <span class='ocrx_word' id='word_1_166' title='bbox 430 1313 517 1348; x_wconf 91' lang='lat' dir='ltr'>Hac</span> <span class='ocrx_word' id='word_1_167' title='bbox 537 1311 647 1360; x_wconf 81' lang='lat' dir='ltr'>igitur</span> <span class='ocrx_word' id='word_1_168' title='bbox 670 1310 903 1348; x_wconf 83' lang='lat' dir='ltr'>conscientia</span> <span class='ocrx_word' id='word_1_169' title='bbox 923 1310 1061 1347; x_wconf 86' lang='lat' dir='ltr'>comite</span> <span class='ocrx_word' id='word_1_170' title='bbox 1081 1309 1297 1358; x_wconf 88' lang='lat' dir='ltr'>proficiscar</span> <span class='ocrx_word' id='word_1_171' title='bbox 1317 1322 1456 1357; x_wconf 84' lang='lat' dir='ltr'>magno</span> 
     </span>
     <span class='ocr_line' id='line_1_20' title="bbox 174 1373 1457 1423; baseline -0.002 -11"><span class='ocrx_word' id='word_1_172' title='bbox 174 1375 354 1423; x_wconf 74' lang='lat' dir='ltr'>equidem</span> <span class='ocrx_word' id='word_1_173' title='bbox 384 1388 471 1412; x_wconf 89' lang='lat' dir='ltr'>cum</span> <span class='ocrx_word' id='word_1_174' title='bbox 500 1376 631 1412; x_wconf 89' lang='lat' dir='ltr'>dolore</span> <span class='ocrx_word' id='word_1_175' title='bbox 662 1387 732 1411; x_wconf 91' lang='lat' dir='ltr'>nec</span> <span class='ocrx_word' id='word_1_176' title='bbox 763 1381 839 1411; x_wconf 83' lang='lat' dir='ltr'>tam</span> <span class='ocrx_word' id='word_1_177' title='bbox 869 1373 907 1411; x_wconf 92' lang='lat' dir='ltr'>id</span> <span class='ocrx_word' id='word_1_178' title='bbox 938 1380 1090 1422; x_wconf 92' lang='lat' dir='ltr'>propter</span> <span class='ocrx_word' id='word_1_179' title='bbox 1121 1386 1181 1410; x_wconf 89' lang='lat' dir='ltr'>me</span> <span class='ocrx_word' id='word_1_180' title='bbox 1212 1381 1275 1410; x_wconf 89' lang='lat' dir='ltr'>aut</span> <span class='ocrx_word' id='word_1_181' title='bbox 1304 1380 1457 1421; x_wconf 91' lang='lat' dir='ltr'>propter</span> 
     </span>
     <span class='ocr_line' id='line_1_21' title="bbox 175 1437 1457 1486; baseline 0.001 -12"><span class='ocrx_word' id='word_1_182' title='bbox 175 1439 324 1474; x_wconf 90' lang='lat' dir='ltr'>fratrem</span> <span class='ocrx_word' id='word_1_183' title='bbox 357 1451 494 1484; x_wconf 85' lang='lat' dir='ltr'>meum,</span> <span class='ocrx_word' id='word_1_184' title='bbox 524 1451 685 1486; x_wconf 82' lang='lat' dir='ltr'>quorum</span> <span class='ocrx_word' id='word_1_185' title='bbox 716 1445 772 1474; x_wconf 89' lang='lat' dir='ltr'>est</span> <span class='ocrx_word' id='word_1_186' title='bbox 800 1437 874 1474; x_wconf 87' lang='lat' dir='ltr'>iam</span> <span class='ocrx_word' id='word_1_187' title='bbox 903 1444 986 1474; x_wconf 87' lang='lat' dir='ltr'>acta</span> <span class='ocrx_word' id='word_1_188' title='bbox 1018 1444 1132 1482; x_wconf 88' lang='lat' dir='ltr'>aetas,</span> <span class='ocrx_word' id='word_1_189' title='bbox 1161 1450 1274 1485; x_wconf 87' lang='lat' dir='ltr'>quam</span> <span class='ocrx_word' id='word_1_190' title='bbox 1304 1444 1457 1485; x_wconf 88' lang='lat' dir='ltr'>propter</span> 
     </span>
     <span class='ocr_line' id='line_1_22' title="bbox 175 1500 1458 1549; baseline 0.001 -12"><span class='ocrx_word' id='word_1_191' title='bbox 175 1514 322 1549; x_wconf 86' lang='lat' dir='ltr'>pueros,</span> <span class='ocrx_word' id='word_1_192' title='bbox 339 1501 477 1549; x_wconf 86' lang='lat' dir='ltr'>quibus</span> <span class='ocrx_word' id='word_1_193' title='bbox 498 1501 687 1538; x_wconf 89' lang='lat' dir='ltr'>interdum</span> <span class='ocrx_word' id='word_1_194' title='bbox 708 1500 880 1538; x_wconf 75' lang='lat' dir='ltr'>videmur</span> <span class='ocrx_word' id='word_1_195' title='bbox 896 1507 1082 1548; x_wconf 87' lang='lat' dir='ltr'>praestare</span> <span class='ocrx_word' id='word_1_196' title='bbox 1103 1500 1216 1537; x_wconf 89' lang='lat' dir='ltr'>etiam</span> <span class='ocrx_word' id='word_1_197' title='bbox 1237 1514 1316 1538; x_wconf 85' lang='lat' dir='ltr'>rem</span> <span class='ocrx_word' id='word_1_198' title='bbox 1336 1501 1458 1549; x_wconf 89' lang='lat' dir='ltr'>publi-</span> 
     </span>
     <span class='ocr_line' id='line_1_23' title="bbox 175 1563 1457 1613; baseline 0.002 -13"><span class='ocrx_word' id='word_1_199' title='bbox 175 1576 259 1600; x_wconf 88' lang='lat' dir='ltr'>cam</span> <span class='ocrx_word' id='word_1_200' title='bbox 273 1564 460 1601; x_wconf 85' lang='lat' dir='ltr'>debuisse.</span> <span class='ocrx_word' id='word_1_201' title='bbox 511 1565 684 1611; x_wconf 84' lang='lat' dir='ltr'>Quorum</span> <span class='ocrx_word' id='word_1_202' title='bbox 698 1563 853 1611; x_wconf 84' lang='lat' dir='ltr'>quidem</span> <span class='ocrx_word' id='word_1_203' title='bbox 869 1565 961 1600; x_wconf 90' lang='lat' dir='ltr'>alter</span> <span class='ocrx_word' id='word_1_204' title='bbox 977 1567 1079 1602; x_wconf 87' lang='lat' dir='ltr'>†non</span> <span class='ocrx_word' id='word_1_205' title='bbox 1095 1568 1197 1603; x_wconf 89' lang='lat' dir='ltr'>tam†</span> <span class='ocrx_word' id='word_1_206' title='bbox 1211 1564 1300 1613; x_wconf 87' lang='lat' dir='ltr'>quia</span> <span class='ocrx_word' id='word_1_207' title='bbox 1315 1565 1457 1602; x_wconf 89' lang='lat' dir='ltr'>maiore</span> 
     </span>
     <span class='ocr_line' id='line_1_24' title="bbox 174 1625 1456 1675; baseline 0.002 -12"><span class='ocrx_word' id='word_1_208' title='bbox 174 1626 314 1675; x_wconf 86' lang='lat' dir='ltr'>pietate</span> <span class='ocrx_word' id='word_1_209' title='bbox 340 1634 395 1664; x_wconf 90' lang='lat' dir='ltr'>est</span> <span class='ocrx_word' id='word_1_210' title='bbox 416 1640 476 1664; x_wconf 92' lang='lat' dir='ltr'>me</span> <span class='ocrx_word' id='word_1_211' title='bbox 506 1626 723 1663; x_wconf 90' lang='lat' dir='ltr'>mirabiliter</span> <span class='ocrx_word' id='word_1_212' title='bbox 749 1625 946 1672; x_wconf 81' lang='lat' dir='ltr'>excruciat,</span> <span class='ocrx_word' id='word_1_213' title='bbox 969 1628 1062 1664; x_wconf 89' lang='lat' dir='ltr'>alter</span> <span class='ocrx_word' id='word_1_214' title='bbox 1082 1627 1122 1675; x_wconf 93' lang='lat' dir='ltr'>(o</span> <span class='ocrx_word' id='word_1_215' title='bbox 1152 1641 1230 1665; x_wconf 88' lang='lat' dir='ltr'>rem</span> <span class='ocrx_word' id='word_1_216' title='bbox 1258 1628 1456 1666; x_wconf 86' lang='lat' dir='ltr'>miseram!</span> 
     </span>
     <span class='ocr_line' id='line_1_25' title="bbox 174 1689 1457 1740; baseline 0.002 -14"><span class='ocrx_word' id='word_1_217' title='bbox 174 1689 268 1726; x_wconf 89' lang='lat' dir='ltr'>nihil</span> <span class='ocrx_word' id='word_1_218' title='bbox 297 1689 398 1726; x_wconf 91' lang='lat' dir='ltr'>enim</span> <span class='ocrx_word' id='word_1_219' title='bbox 429 1689 519 1726; x_wconf 89' lang='lat' dir='ltr'>mihi</span> <span class='ocrx_word' id='word_1_220' title='bbox 548 1689 686 1726; x_wconf 89' lang='lat' dir='ltr'>accidit</span> <span class='ocrx_word' id='word_1_221' title='bbox 714 1689 752 1725; x_wconf 89' lang='lat' dir='ltr'>in</span> <span class='ocrx_word' id='word_1_222' title='bbox 779 1689 884 1726; x_wconf 89' lang='lat' dir='ltr'>omni</span> <span class='ocrx_word' id='word_1_223' title='bbox 910 1689 985 1727; x_wconf 89' lang='lat' dir='ltr'>vita</span> <span class='ocrx_word' id='word_1_224' title='bbox 1012 1690 1201 1739; x_wconf 86' lang='lat' dir='ltr'>acerbius)</span> <span class='ocrx_word' id='word_1_225' title='bbox 1222 1692 1457 1740; x_wconf 85' lang='lat' dir='ltr'>indulgentia</span> 
     </span>
     <span class='ocr_line' id='line_1_26' title="bbox 174 1752 1456 1802; baseline 0.004 -14"><span class='ocrx_word' id='word_1_226' title='bbox 174 1752 349 1794; x_wconf 87' lang='lat' dir='ltr'>videlicet</span> <span class='ocrx_word' id='word_1_227' title='bbox 370 1759 496 1788; x_wconf 83' lang='lat' dir='ltr'>nostra</span> <span class='ocrx_word' id='word_1_228' title='bbox 516 1753 740 1800; x_wconf 78' lang='lat' dir='ltr'>depravatus</span> <span class='ocrx_word' id='word_1_229' title='bbox 761 1765 807 1789; x_wconf 90' lang='lat' dir='ltr'>eo</span> <span class='ocrx_word' id='word_1_230' title='bbox 826 1766 1045 1800; x_wconf 81' lang='lat' dir='ltr'>progressus</span> <span class='ocrx_word' id='word_1_231' title='bbox 1066 1761 1121 1791; x_wconf 91' lang='lat' dir='ltr'>est</span> <span class='ocrx_word' id='word_1_232' title='bbox 1137 1768 1214 1802; x_wconf 86' lang='lat' dir='ltr'>quo</span> <span class='ocrx_word' id='word_1_233' title='bbox 1234 1769 1311 1792; x_wconf 89' lang='lat' dir='ltr'>non</span> <span class='ocrx_word' id='word_1_234' title='bbox 1331 1757 1456 1793; x_wconf 86' lang='lat' dir='ltr'>audeo</span> 
     </span>
     <span class='ocr_line' id='line_1_27' title="bbox 175 1815 1457 1865; baseline 0.004 -14"><span class='ocrx_word' id='word_1_235' title='bbox 175 1815 310 1851; x_wconf 86' lang='lat' dir='ltr'>dicere.</span> <span class='ocrx_word' id='word_1_236' title='bbox 370 1817 417 1851; x_wconf 87' lang='lat' dir='ltr'>Et</span> <span class='ocrx_word' id='word_1_237' title='bbox 446 1823 623 1863; x_wconf 78' lang='lat' dir='ltr'>exspecto</span> <span class='ocrx_word' id='word_1_238' title='bbox 652 1823 734 1851; x_wconf 86' lang='lat' dir='ltr'>tuas</span> <span class='ocrx_word' id='word_1_239' title='bbox 768 1815 931 1861; x_wconf 80' lang='lat' dir='ltr'>litteras;</span> <span class='ocrx_word' id='word_1_240' title='bbox 968 1816 1147 1865; x_wconf 89' lang='lat' dir='ltr'>scripsisti</span> <span class='ocrx_word' id='word_1_241' title='bbox 1177 1818 1277 1854; x_wconf 90' lang='lat' dir='ltr'>enim</span> <span class='ocrx_word' id='word_1_242' title='bbox 1307 1826 1343 1855; x_wconf 87' lang='lat' dir='ltr'>te</span> <span class='ocrx_word' id='word_1_243' title='bbox 1372 1819 1457 1856; x_wconf 90' lang='lat' dir='ltr'>seri-</span> 
     </span>
     <span class='ocr_line' id='line_1_28' title="bbox 129 1878 1458 1926; baseline 0.005 -14"><span class='ocrx_word' id='word_1_244' title='bbox 129 1881 156 1917; x_wconf 90' lang='lat'>6</span> <span class='ocrx_word' id='word_1_245' title='bbox 176 1885 326 1925; x_wconf 88' lang='lat' dir='ltr'>pturum</span> <span class='ocrx_word' id='word_1_246' title='bbox 348 1891 429 1915; x_wconf 87' lang='lat' dir='ltr'>esse</span> <span class='ocrx_word' id='word_1_247' title='bbox 449 1879 555 1925; x_wconf 84' lang='lat' dir='ltr'>plura</span> <span class='ocrx_word' id='word_1_248' title='bbox 575 1891 662 1914; x_wconf 90' lang='lat' dir='ltr'>cum</span> <span class='ocrx_word' id='word_1_249' title='bbox 683 1878 807 1926; x_wconf 86' lang='lat' dir='ltr'>ipsum</span> <span class='ocrx_word' id='word_1_250' title='bbox 828 1879 995 1916; x_wconf 85' lang='lat' dir='ltr'>vidisses.</span> <span class='ocrx_word' id='word_1_251' title='bbox 1055 1881 1181 1918; x_wconf 87' lang='lat' dir='ltr'>Omne</span> <span class='ocrx_word' id='word_1_252' title='bbox 1203 1894 1330 1918; x_wconf 88' lang='lat' dir='ltr'>meum</span> <span class='ocrx_word' id='word_1_253' title='bbox 1351 1882 1458 1919; x_wconf 90' lang='lat' dir='ltr'>obse-</span> 
     </span>
     <span class='ocr_line' id='line_1_29' title="bbox 176 1939 1457 1991; baseline 0.005 -16"><span class='ocrx_word' id='word_1_254' title='bbox 176 1939 307 1987; x_wconf 86' lang='lat' dir='ltr'>quium</span> <span class='ocrx_word' id='word_1_255' title='bbox 328 1940 365 1976; x_wconf 91' lang='lat' dir='ltr'>in</span> <span class='ocrx_word' id='word_1_256' title='bbox 388 1940 492 1977; x_wconf 89' lang='lat' dir='ltr'>illum</span> <span class='ocrx_word' id='word_1_257' title='bbox 514 1940 582 1977; x_wconf 87' lang='lat' dir='ltr'>fuit</span> <span class='ocrx_word' id='word_1_258' title='bbox 602 1953 689 1977; x_wconf 85' lang='lat' dir='ltr'>cum</span> <span class='ocrx_word' id='word_1_259' title='bbox 711 1942 829 1978; x_wconf 79' lang='lat' dir='ltr'>multa</span> <span class='ocrx_word' id='word_1_260' title='bbox 849 1942 1055 1988; x_wconf 84' lang='lat' dir='ltr'>severitate,</span> <span class='ocrx_word' id='word_1_261' title='bbox 1079 1956 1204 1991; x_wconf 87' lang='lat' dir='ltr'>neque</span> <span class='ocrx_word' id='word_1_262' title='bbox 1231 1957 1350 1982; x_wconf 90' lang='lat' dir='ltr'>unum</span> <span class='ocrx_word' id='word_1_263' title='bbox 1377 1944 1457 1982; x_wconf 92' lang='lat' dir='ltr'>eius</span> 
     </span>
     <span class='ocr_line' id='line_1_30' title="bbox 176 2004 1458 2055; baseline 0.005 -17"><span class='ocrx_word' id='word_1_264' title='bbox 176 2015 246 2039; x_wconf 89' lang='lat' dir='ltr'>nec</span> <span class='ocrx_word' id='word_1_265' title='bbox 278 2015 434 2051; x_wconf 81' lang='lat' dir='ltr'>parvum</span> <span class='ocrx_word' id='word_1_266' title='bbox 468 2004 535 2040; x_wconf 85' lang='lat' dir='ltr'>sed</span> <span class='ocrx_word' id='word_1_267' title='bbox 569 2005 687 2040; x_wconf 87' lang='lat' dir='ltr'>multa</span> <span class='ocrx_word' id='word_1_268' title='bbox 724 2017 861 2052; x_wconf 81' lang='lat' dir='ltr'>magna</span> <span class='ocrx_word' id='word_1_269' title='bbox 891 2005 1029 2042; x_wconf 90' lang='lat' dir='ltr'>delicta</span> <span class='ocrx_word' id='word_1_270' title='bbox 1062 2007 1278 2055; x_wconf 89' lang='lat' dir='ltr'>compressi.</span> <span class='ocrx_word' id='word_1_271' title='bbox 1337 2007 1458 2045; x_wconf 89' lang='lat' dir='ltr'>Patris</span> 
     </span>
    </p>
   </div>
   <div class='ocr_carea' id='block_1_3' title="bbox 175 2103 1459 2314">
    <p class='ocr_par' dir='ltr' id='par_1_3' title="bbox 175 2103 1459 2314">
     <span class='ocr_line' id='line_1_31' title="bbox 222 2103 1457 2143; baseline 0.003 -12"><span class='ocrx_word' id='word_1_272' title='bbox 222 2113 234 2131; x_wconf 93' lang='lat'>1</span> <span class='ocrx_word' id='word_1_273' title='bbox 261 2106 331 2132; x_wconf 73' lang='lat' dir='ltr'>ante</span> <span class='ocrx_word' id='word_1_274' title='bbox 347 2103 453 2133; x_wconf 76' lang='lat' dir='ltr'>facere</span> <span class='ocrx_word' id='word_1_275' title='bbox 470 2103 544 2135; x_wconf 79' lang='lat' dir='ltr'>add.</span> <span class='ocrx_word' id='word_1_276' title='bbox 564 2104 670 2134; x_wconf 84' lang='lat' dir='ltr'>aiebat</span> <span class='ocrx_word' id='word_1_277' title='bbox 687 2104 781 2134; x_wconf 82' lang='lat' dir='ltr'>Rom.</span> <span class='ocrx_word' id='word_1_278' title='bbox 935 2116 954 2143; x_wconf 86' lang='lat'><strong>3</strong></span> <span class='ocrx_word' id='word_1_279' title='bbox 979 2106 1032 2135; x_wconf 92' lang='lat' dir='ltr'>ille</span> <span class='ocrx_word' id='word_1_280' title='bbox 1048 2105 1098 2135; x_wconf 83' lang='lat' dir='ltr'>M¹</span> <span class='ocrx_word' id='word_1_281' title='bbox 1115 2117 1122 2136; x_wconf 85' lang='lat'>:</span> <span class='ocrx_word' id='word_1_282' title='bbox 1146 2106 1224 2136; x_wconf 92' lang='lat' dir='ltr'>illud</span> <span class='ocrx_word' id='word_1_283' title='bbox 1242 2107 1317 2137; x_wconf 75' lang='lat' dir='ltr'>coni.</span> <span class='ocrx_word' id='word_1_284' title='bbox 1337 2105 1457 2137; x_wconf 78' lang='lat' dir='ltr'>Wesen-</span> 
     </span>
     <span class='ocr_line' id='line_1_32' title="bbox 175 2144 1458 2186; baseline 0.004 -12"><span class='ocrx_word' id='word_1_285' title='bbox 175 2145 249 2183; x_wconf 66' lang='lat' dir='ltr'>hetfg</span> <span class='ocrx_word' id='word_1_286' title='bbox 371 2156 387 2183; x_wconf 83' lang='lat'><strong>7</strong></span> <span class='ocrx_word' id='word_1_287' title='bbox 412 2146 469 2183; x_wconf 52' lang='lat' dir='ltr'>illi]</span> <span class='ocrx_word' id='word_1_288' title='bbox 480 2147 556 2183; x_wconf 77' lang='lat' dir='ltr'>fort.</span> <span class='ocrx_word' id='word_1_289' title='bbox 579 2147 621 2175; x_wconf 92' lang='lat' dir='ltr'>illi</span> <span class='ocrx_word' id='word_1_290' title='bbox 639 2146 689 2175; x_wconf 88' lang='lat' dir='ltr'>usi</span> <span class='ocrx_word' id='word_1_291' title='bbox 816 2148 853 2177; x_wconf 89' lang='lat'>16</span> <span class='ocrx_word' id='word_1_292' title='bbox 877 2148 937 2177; x_wconf 87' lang='lat' dir='ltr'>nisi</span> <span class='ocrx_word' id='word_1_293' title='bbox 956 2149 1008 2186; x_wconf 90' lang='lat' dir='ltr'>pie</span> <span class='ocrx_word' id='word_1_294' title='bbox 1025 2148 1161 2178; x_wconf 79' lang='lat' dir='ltr'>Rosius:</span> <span class='ocrx_word' id='word_1_295' title='bbox 1186 2149 1247 2178; x_wconf 83' lang='lat' dir='ltr'>nisi</span> <span class='ocrx_word' id='word_1_296' title='bbox 1264 2149 1316 2179; x_wconf 89' lang='lat' dir='ltr'>die</span> <span class='ocrx_word' id='word_1_297' title='bbox 1332 2144 1458 2180; x_wconf 75' lang='lat' dir='ltr'><em>EOZb:</em></span> 
     </span>
     <span class='ocr_line' id='line_1_33' title="bbox 177 2186 1457 2230; baseline 0.005 -15"><span class='ocrx_word' id='word_1_298' title='bbox 177 2187 290 2216; x_wconf 84' lang='lat' dir='ltr'>infidie</span> <span class='ocrx_word' id='word_1_299' title='bbox 307 2186 380 2217; x_wconf 78' lang='lat' dir='ltr'>M¹z</span> <span class='ocrx_word' id='word_1_300' title='bbox 408 2188 506 2217; x_wconf 85' lang='lat' dir='ltr'>infide</span> <span class='ocrx_word' id='word_1_301' title='bbox 523 2188 595 2218; x_wconf 71' lang='lat' dir='ltr'>M2:</span> <span class='ocrx_word' id='word_1_302' title='bbox 625 2188 686 2218; x_wconf 87' lang='lat' dir='ltr'>nisi</span> <span class='ocrx_word' id='word_1_303' title='bbox 704 2189 813 2219; x_wconf 87' lang='lat' dir='ltr'>divine</span> <span class='ocrx_word' id='word_1_304' title='bbox 829 2189 854 2219; x_wconf 92' lang='lat' dir='ltr'>I.</span> <span class='ocrx_word' id='word_1_305' title='bbox 905 2189 951 2228; x_wconf 83' lang='lat' dir='ltr'>Cf.</span> <span class='ocrx_word' id='word_1_306' title='bbox 971 2189 1141 2219; x_wconf 82' lang='lat' dir='ltr'>Lelmmnn</span> <span class='ocrx_word' id='word_1_307' title='bbox 1162 2189 1260 2220; x_wconf 57' lang='lat' dir='ltr'>‘AM‘</span> <span class='ocrx_word' id='word_1_308' title='bbox 1276 2196 1328 2230; x_wconf 83' lang='lat' dir='ltr'>pp.</span> <span class='ocrx_word' id='word_1_309' title='bbox 1347 2192 1379 2229; x_wconf 84' lang='lat'>8,</span> <span class='ocrx_word' id='word_1_310' title='bbox 1400 2202 1457 2230; x_wconf 87' lang='lat'>137</span> 
     </span>
     <span class='ocr_line' id='line_1_34' title="bbox 178 2230 1459 2270; baseline 0.005 -13"><span class='ocrx_word' id='word_1_311' title='bbox 178 2238 219 2258; x_wconf 84' lang='lat'>20</span> <span class='ocrx_word' id='word_1_312' title='bbox 242 2239 377 2266; x_wconf 85' lang='lat' dir='ltr'>quorum</span> <span class='ocrx_word' id='word_1_313' title='bbox 396 2235 444 2259; x_wconf 85' lang='lat' dir='ltr'>est</span> <span class='ocrx_word' id='word_1_314' title='bbox 462 2230 574 2260; x_wconf 74' lang='lat' dir='ltr'>Lamb.</span> <span class='ocrx_word' id='word_1_315' title='bbox 591 2242 597 2260; x_wconf 80' lang='lat'>2</span> <span class='ocrx_word' id='word_1_316' title='bbox 621 2241 757 2269; x_wconf 83' lang='lat' dir='ltr'>quorum</span> <span class='ocrx_word' id='word_1_317' title='bbox 775 2237 809 2262; x_wconf 88' lang='lat' dir='ltr'>ut</span> <span class='ocrx_word' id='word_1_318' title='bbox 825 2231 926 2262; x_wconf 83' lang='lat' dir='ltr'>codd.:</span> <span class='ocrx_word' id='word_1_319' title='bbox 949 2237 983 2262; x_wconf 89' lang='lat' dir='ltr'>ut</span> <span class='ocrx_word' id='word_1_320' title='bbox 999 2243 1133 2270; x_wconf 89' lang='lat' dir='ltr'>quorum</span> <span class='ocrx_word' id='word_1_321' title='bbox 1150 2231 1296 2263; x_wconf 76' lang='lat' dir='ltr'>Schmidt</span> <span class='ocrx_word' id='word_1_322' title='bbox 1419 2244 1459 2263; x_wconf 88' lang='lat'>22</span> 
     </span>
     <span class='ocr_line' id='line_1_35' title="bbox 178 2271 1459 2314; baseline 0.005 -15"><span class='ocrx_word' id='word_1_323' title='bbox 178 2280 243 2299; x_wconf 91' lang='lat' dir='ltr'>non</span> <span class='ocrx_word' id='word_1_324' title='bbox 260 2271 338 2306; x_wconf 68' lang='lat' dir='ltr'>tam]</span> <span class='ocrx_word' id='word_1_325' title='bbox 359 2272 390 2300; x_wconf 86' lang='lat' dir='ltr'>in</span> <span class='ocrx_word' id='word_1_326' title='bbox 408 2272 593 2302; x_wconf 78' lang='lat' dir='ltr'>Terentiam</span> <span class='ocrx_word' id='word_1_327' title='bbox 608 2271 773 2303; x_wconf 75' lang='lat' dir='ltr'>Schmidt:</span> <span class='ocrx_word' id='word_1_328' title='bbox 787 2274 864 2312; x_wconf 73' lang='lat' dir='ltr'>fort.</span> <span class='ocrx_word' id='word_1_329' title='bbox 885 2274 917 2303; x_wconf 90' lang='lat' dir='ltr'>in</span> <span class='ocrx_word' id='word_1_330' title='bbox 935 2279 1070 2304; x_wconf 87' lang='lat' dir='ltr'>matrem</span> <span class='ocrx_word' id='word_1_331' title='bbox 1087 2287 1093 2305; x_wconf 95' lang='lat'>:</span> <span class='ocrx_word' id='word_1_332' title='bbox 1117 2285 1184 2304; x_wconf 91' lang='lat' dir='ltr'>non</span> <span class='ocrx_word' id='word_1_333' title='bbox 1201 2279 1264 2305; x_wconf 83' lang='lat' dir='ltr'>tam</span> <span class='ocrx_word' id='word_1_334' title='bbox 1281 2276 1356 2314; x_wconf 85' lang='lat' dir='ltr'>quia</span> <span class='ocrx_word' id='word_1_335' title='bbox 1373 2275 1459 2305; x_wconf 89' lang='lat' dir='ltr'>filius</span> 
     </span>
    </p>
   </div>
   <div class='ocr_carea' id='block_1_4' title="bbox 177 2313 1460 2392">
    <p class='ocr_par' dir='ltr' id='par_1_4' title="bbox 177 2313 1460 2392">
     <span class='ocr_line' id='line_1_36' title="bbox 177 2313 1460 2357; baseline 0.005 -16"><span class='ocrx_word' id='word_1_336' title='bbox 177 2323 275 2350; x_wconf 86' lang='lat' dir='ltr'>quam</span> <span class='ocrx_word' id='word_1_337' title='bbox 292 2313 339 2343; x_wconf 76' lang='lat' dir='ltr'>vel</span> <span class='ocrx_word' id='word_1_338' title='bbox 351 2313 448 2343; x_wconf 83' lang='lat' dir='ltr'>etiam</span> <span class='ocrx_word' id='word_1_339' title='bbox 467 2313 650 2353; x_wconf 80' lang='lat' dir='ltr'>Malaspina</span> <span class='ocrx_word' id='word_1_340' title='bbox 771 2317 813 2345; x_wconf 86' lang='lat'>26</span> <span class='ocrx_word' id='word_1_341' title='bbox 836 2316 892 2357; x_wconf 89' lang='lat' dir='ltr'>Et]</span> <span class='ocrx_word' id='word_1_342' title='bbox 910 2316 976 2347; x_wconf 87' lang='lat' dir='ltr'>Sed</span> <span class='ocrx_word' id='word_1_343' title='bbox 992 2316 1175 2357; x_wconf 78' lang='lat' dir='ltr'>Malaspina</span> <span class='ocrx_word' id='word_1_344' title='bbox 1295 2328 1337 2356; x_wconf 87' lang='lat'>29</span> <span class='ocrx_word' id='word_1_345' title='bbox 1360 2319 1460 2348; x_wconf 89' lang='lat' dir='ltr'>multa</span> 
     </span>
     <span class='ocr_line' id='line_1_37' title="bbox 179 2355 531 2392; baseline 0.009 -9"><span class='ocrx_word' id='word_1_346' title='bbox 179 2359 211 2383; x_wconf 86' lang='lat' dir='ltr'>et</span> <span class='ocrx_word' id='word_1_347' title='bbox 228 2365 344 2392; x_wconf 83' lang='lat' dir='ltr'>magna</span> <span class='ocrx_word' id='word_1_348' title='bbox 360 2355 531 2386; x_wconf 61' lang='lat' dir='ltr'>Ascensfus</span> 
     </span>
    </p>
   </div>
   <div class='ocr_carea' id='block_1_5' title="bbox 1476 503 1493 534">
    <p class='ocr_par' dir='ltr' id='par_1_5' title="bbox 1476 503 1493 534">
     <span class='ocr_line' id='line_1_38' title="bbox 1476 503 1493 534; baseline 0 0"><span class='ocrx_word' id='word_1_349' title='bbox 1476 503 1493 534; x_wconf 89' lang='lat'>5</span> 
     </span>
    </p>
   </div>
   <div class='ocr_carea' id='block_1_6' title="bbox 1477 821 1516 842">
    <p class='ocr_par' dir='ltr' id='par_1_6' title="bbox 1477 821 1516 842">
     <span class='ocr_line' id='line_1_39' title="bbox 1477 821 1516 842; baseline 0.026 -1"><span class='ocrx_word' id='word_1_350' title='bbox 1477 821 1516 842; x_wconf 90' lang='lat'>10</span> 
     </span>
    </p>
   </div>
   <div class='ocr_carea' id='block_1_7' title="bbox 1479 1136 1514 1166">
    <p class='ocr_par' dir='ltr' id='par_1_7' title="bbox 1479 1136 1514 1166">
     <span class='ocr_line' id='line_1_40' title="bbox 1479 1136 1514 1166; baseline 0 0"><span class='ocrx_word' id='word_1_351' title='bbox 1479 1136 1514 1166; x_wconf 83' lang='grc' dir='ltr'>Ι5</span> 
     </span>
    </p>
   </div>
   <div class='ocr_carea' id='block_1_8' title="bbox 1478 1452 1517 1474">
    <p class='ocr_par' dir='ltr' id='par_1_8' title="bbox 1478 1452 1517 1474">
     <span class='ocr_line' id='line_1_41' title="bbox 1478 1452 1517 1474; baseline -0.026 0"><span class='ocrx_word' id='word_1_352' title='bbox 1478 1452 1517 1474; x_wconf 85' lang='grc'>20</span> 
     </span>
    </p>
   </div>
   <div class='ocr_carea' id='block_1_9' title="bbox 1476 1766 1515 1798">
    <p class='ocr_par' dir='ltr' id='par_1_9' title="bbox 1476 1766 1515 1798">
     <span class='ocr_line' id='line_1_42' title="bbox 1476 1766 1515 1798; baseline 0 0"><span class='ocrx_word' id='word_1_353' title='bbox 1476 1766 1515 1798; x_wconf 88' lang='lat'>25</span> 
     </span>
    </p>
   </div>
  </div>
 </body>
</html>
