1590 2730
68 139 136 186 rx.
158 159 218 185 xv
538 143 592 185 M.
622 146 785 185 TVLLI
816 146 1112 186 CICERONIS

143 258 261 295 2Sed
291 258 386 295 haec
418 257 565 306 longius
593 257 742 295 absunt.
801 258 868 294 Me
898 269 1000 293 nunc
1033 263 1069 293 et
1099 266 1322 304 congressus
1351 251 1464 290 huius

184 320 351 357 stimulat
382 320 428 369 (is
459 333 547 358 vero
582 319 707 369 adest)
744 327 781 357 et
818 319 956 368 primas
994 318 1073 356 eius
1110 317 1279 355 actiones
1316 317 1461 353 horreo.

183 384 296 420 Volet
325 383 437 429 enim,
469 384 596 427 credo,
623 385 657 420 S.
690 384 732 421 C.
764 384 898 429 facere,
926 383 1027 419 volet
1055 394 1240 429 augurum
1269 380 1465 416 decretum

186 445 390 494 (rapiemur
419 454 483 483 aut
513 447 689 483 absentes
723 444 969 494 vexabimur)‚
1002 445 1061 481 vel
1090 450 1131 480 ut
1159 443 1334 480 consules
1360 446 1465 489 roget

184 516 332 557 praetor
362 510 419 545 vel
458 509 681 546 dictatorern
720 508 844 554 dicat3
884 520 1046 556 quorum
1086 513 1261 543 neutrum
1301 504 1358 541 ius
1396 510 1462 540 est.
1484 517 1500 548 5

188 571 279 618 Etsi,
302 571 330 608 si
360 573 461 608 Sulla
488 572 611 620 potuit
638 572 784 609 efficere
809 572 858 608 ab
898 570 1081 618 interrege
1111 577 1150 606 ut
1180 568 1341 605 dictator
1367 566 1466 603 dice-

185 641 285 671 retur
319 633 370 685 [et
405 635 579 683 magister
614 632 814 684 equitum],
853 647 918 671 cur
955 633 1016 670 hic
1046 646 1125 670 non
1158 630 1305 680 possit?
1360 629 1465 666 Nihil

184 696 345 745 expedio
371 696 441 733 nisi
466 704 506 733 ut
532 704 596 734 aut
617 697 665 733 ab
687 698 760 734 hoc
787 704 981 745 tamquam
1004 698 1050 743 Q.
1076 694 1229 732 Mucius
1249 700 1313 730 aut
1332 692 1380 729 ab
1401 691 1465 729 illo

184 767 378 807 tamquam
402 761 440 796 L.
465 760 601 808 Scipio.

143 830 166 867 3
237 823 336 860 Cum
351 823 701 871 tubaecleges‚ego
716 822 819 859 illum
835 824 991 860 fortasse
1006 833 1230 859 convenero.
1268 818 1464 855 (Τέτλαθιῖ
1486 830 1523 851 10

183 886 193 902 ‘
212 886 389 932 Κύντερον
404 886 411 900 '
431 898 479 922 ne
498 884 591 922 illud
612 885 768 933 quidem
788 892 959 922 nostrum
980 883 1184 933 proprium.
1243 883 1334 919 Erat
1362 880 1465 919 enim

182 959 267 994 spes
288 946 491 996 propinqui
517 947 671 994 reditus,
692 955 769 984 erat
789 947 989 984 hominum
1010 948 1172 995 querela.
1230 946 1346 981 Nunc
1366 943 1465 981 exire

181 1009 366 1058 cupimus,
388 1023 464 1059 qua
492 1023 557 1059 spe
586 1010 727 1047 reditus
755 1010 847 1046 mihi
869 1010 1025 1058 quidem
1055 1021 1266 1057 numquam
1295 1006 1334 1043 in
1363 1019 1466 1043 men-

180 1080 257 1111 tem
277 1073 389 1111 venit.
448 1075 537 1110 Non
566 1075 684 1111 modo
711 1081 839 1110 autem
869 1075 972 1110 nulla
998 1074 1149 1121 querela
1179 1079 1234 1110 est
1258 1070 1465 1119 municipa-

180 1136 272 1173 lium
318 1136 518 1174 hominum
561 1150 605 1174 ac
644 1136 868 1174 rusticorum
916 1137 983 1173 sed
1029 1144 1161 1173 contra
1202 1141 1377 1171 metuunt
1423 1140 1464 1169 ut
1485 1145 1521 1176 15

180 1200 384 1245 crudelem,
406 1199 551 1236 iratum.
610 1201 693 1237 Nec
723 1207 851 1236 tamen
872 1199 965 1235 mihi
989 1198 1195 1247 quicquam
1216 1204 1271 1234 est
1292 1195 1463 1234 miserius

180 1276 295 1311 quam
328 1262 552 1300 remansisse
582 1267 653 1300 nec
686 1262 850 1311 optatius
881 1275 995 1312 quam
1025 1263 1173 1299 evolare
1202 1274 1280 1298 non
1309 1267 1385 1297 tam
1414 1260 1464 1296 ad

180 1327 268 1363 belli
289 1339 402 1374 quam
423 1327 471 1363 ad
492 1327 600 1374 fugae
627 1326 858 1363 societatem.
917 1327 1016 1364 †Sed
1046 1334 1086 1362 tu
1114 1325 1243 1363 omnia
1268 1324 1356 1373 qui†
1377 1336 1464 1361 con-

180 1388 261 1426 silia
289 1388 487 1426 differebas
517 1388 554 1425 in
585 1388 624 1426 id
654 1396 804 1438 tempus
832 1402 919 1426 cum
948 1389 1128 1426 sciremus
1157 1402 1255 1437 quae
1285 1384 1463 1424 Brundisi

179 1458 264 1488 acta
308 1459 443 1489 essent.
519 1451 665 1488 Scimus
704 1465 868 1500 nempe3
915 1453 1113 1489 haeremus
1160 1451 1278 1488 nihilo
1325 1450 1460 1487 minus.
1485 1462 1522 1483 20

181 1514 253 1551 Vix
290 1514 391 1551 enim
425 1527 534 1562 spero
568 1514 660 1551 mihi
698 1516 799 1552 hunc
832 1515 982 1552 veniam
1017 1517 1204 1561 daturum,
1239 1513 1308 1551 etsi
1347 1515 1464 1550 multa

180 1578 310 1614 adfero
331 1577 426 1614 iusta
445 1578 494 1614 ad
515 1577 806 1626 impetrandum.
857 1580 932 1616 Sed
949 1578 1016 1616 tibi
1032 1592 1187 1616 omnem
1203 1577 1301 1614 illius
1321 1589 1464 1614 meum-

183 1653 257 1688 que
290 1653 503 1678 sermonem
537 1640 715 1678 omnibus
746 1641 869 1679 verbis
901 1656 1119 1691 expressum
1149 1641 1274 1680 statim
1303 1640 1460 1677 mittam.

139 1713 165 1750 4
183 1705 244 1740 Tu
265 1717 366 1741 nunc
386 1703 490 1741 omni
515 1717 644 1741 amore
670 1704 811 1741 enitere
832 1713 872 1742 ut
899 1719 968 1742 nos
995 1719 1084 1743 cura
1107 1713 1171 1742 tua
1199 1713 1235 1742 et
1261 1702 1462 1753 prudentia

182 1765 296 1803 iuves.
341 1768 398 1803 Ita
419 1765 545 1804 subito
564 1766 723 1803 accurrit
744 1775 784 1804 ut
803 1782 848 1805 ne
865 1770 908 1804 T.
927 1769 1106 1805 Rebilum
1124 1768 1289 1817 quidem,
1312 1775 1353 1804 ut
1373 1780 1460 1804 con-
1480 1777 1517 1808 25

180 1829 384 1875 stitueram‚
420 1829 562 1877 possim
591 1829 744 1876 videre3
779 1831 907 1868 omnia
941 1832 1052 1869 nobis
1083 1830 1273 1880 imparatis
1301 1831 1459 1878 agenda.

179 1893 254 1930 Sed
274 1899 401 1928 tamen
422 1894 431 1910 ‘
448 1894 545 1930 ἄλλα
572 1895 636 1941 μὲν
664 1895 788 1937 αὐτός’
809 1902 849 1931 ut
869 1895 919 1931 ait
939 1895 1010 1941 ille⁷
1036 1896 1154 1931 ‘dmm
1182 1895 1218 1931 δὲ
1246 1895 1304 1931 καὶ
1331 1895 1464 1943 δαίμων

178 1955 421 2004 ὑποθήσεται]
489 1956 685 2005 Quicquid
726 1970 836 2006 egero
875 1958 1058 1995 continuo
1095 1957 1199 1995 scies.
1277 1958 1463 1995 Mandata

180 2019 351 2057 Caesaris
383 2020 433 2057 ad
463 2022 638 2057 consules
673 2028 709 2058 et
739 2022 789 2058 ad
822 2021 1050 2070 Pompeium
1083 2035 1180 2070 quae
1208 2034 1329 2070 rogas,
1358 2022 1462 2058 nulla

220 2130 237 2157 4
262 2123 333 2149 ante
358 2119 520 2158 rapiemur
548 2120 682 2151 addend.
710 2121 847 2151 Romam
881 2123 955 2152 com'.
980 2122 1060 2151 Boot
1216 2122 1266 2151 vel
1294 2122 1343 2161 ut]
1372 2121 1461 2151 volet

179 2161 359 2191 lllommsen
455 2173 473 2201 5
498 2168 531 2192 ut
544 2166 615 2201 pos!
630 2164 680 2192 vel
696 2164 769 2194 add.
793 2164 974 2202 ll'csrnbetg
1069 2166 1089 2194 6
1113 2164 1182 2194 Etsi
1199 2165 1327 2194 Baiter:
1353 2168 1385 2194 et
1401 2164 1459 2193 M:

178 2205 236 2233 sed
260 2198 302 2233 Zb
474 2216 489 2243 7
516 2209 547 2234 et
567 2206 721 2243 magister
742 2206 887 2243 equitum
908 2206 1075 2235 delendum
1097 2206 1238 2236 videtur:
1268 2216 1331 2236 om.
1352 2205 1462 2236 codices

179 2244 378 2285 Malaspinae
393 2249 421 2276 cl
434 2247 492 2276 alii
644 2258 656 2276 1
666 2258 677 2277 1
703 2247 735 2276 A
740 2251 788 2277 nte
806 2249 970 2286 ίκύντερον
982 2249 989 2259 ’
1005 2248 1078 2279 add.
1094 2248 1138 2279 At
1154 2248 1273 2279 Scln‘c'tz
1423 2257 1460 2285 1³2

178 2288 320 2316 omnium
338 2287 420 2316 Reid
559 2291 595 2318 18
620 2289 685 2319 Sed
703 2294 736 2319 tu
753 2290 807 2319 ubi
826 2290 933 2319 omnia
950 2291 1002 2328 qui
1027 2291 1143 2328 Z'vrrcll
1155 2291 1219 2320 coll.
1236 2291 1277 2320 vi.
1295 2301 1322 2320 2.
1342 2300 1374 2328 7:
1406 2290 1459 2328 qul

177 2340 240 2359 om.
254 2331 336 2369 vulg.
351 2341 356 2358 :
382 2330 447 2359 Sed
465 2331 547 2360 licus
563 2336 608 2366 tu,
622 2332 730 2361 omnia
746 2332 799 2370 qui
816 2332 962 2361 Schmidt
978 2344 983 2361 ε
997 2333 1073 2370 som.
1094 2333 1150 2362 sed
1167 2333 1243 2372 quid
1260 2337 1293 2362 tu
1308 2335 1316 2362 ,ἶ
1340 2332 1449 2362 omnia
