1590 2730
91 157 158 195 IX.
177 156 221 192 xi
238 167 263 194 Α
542 157 594 191 Μ.
627 155 788 190 TVLLI
821 155 1115 192 CICERONIS

150 594 165 620 1

810 330 856 364 A.

446 429 512 460 Scr.
533 429 566 458 in
583 429 758 458 Formiano
773 428 827 458 xiv
843 428 883 458 K.
903 428 986 466 Apr.
1007 439 1035 458 a.
1057 438 1109 467 705
1127 430 1208 470 (49).

456 503 624 534 CICERO
651 503 738 534 IMP.
766 504 800 533 S.
827 503 865 533 D.
891 503 1087 534 CAESARI
1114 505 1202 535 IMP.

238 583 289 618 Vt
326 580 398 629 legi
435 587 517 617 tuas
555 579 695 616 litteras
729 592 821 627 quas
854 592 876 616 a
906 579 1047 617 Furnio
1084 587 1214 617 nostro
1250 593 1471 629 acceperam

185 644 324 693 quibus
362 657 513 681 mecum
550 644 688 691 agebas
725 650 766 680 ut
803 643 851 680 ad
889 643 1021 680 urbem
1052 656 1186 689 essem,
1218 651 1255 681 te
1288 646 1384 682 velle
1416 644 1470 681 uti

187 707 368 745 ‘consilio
406 714 443 745 et
479 706 662 755 dignitate
700 707 807 743 mea'
845 705 970 743 minus
1016 719 1099 743 sum
1143 706 1377 753 admiratus3
1422 709 1470 745 de

182 771 348 819 ‘gratia'
381 778 417 808 et
450 772 498 808 de
535 771 647 818 ‘ope’
682 768 774 817 quid
805 768 1033 817 significares
1064 782 1214 806 mecum
1248 769 1328 819 ipse
1359 783 1471 819 quae-

184 835 324 880 rebam,
355 847 421 883 spe
454 841 582 871 tamen
613 832 832 870 deducebar
864 833 913 869 ad
946 845 1029 869 eam
1064 832 1334 881 cogitationem
1363 841 1404 870 ut
1433 841 1469 872 te

183 911 250 946 pro
279 905 343 935 tua
370 896 583 935 admirabili
611 909 655 933 ac
686 895 863 944 singulari
886 894 1070 943 sapientia
1098 896 1146 932 de
1175 895 1263 941 otio,
1285 897 1334 934 de
1362 910 1465 945 pace,

183 962 231 998 de
251 960 457 998 concordia
476 959 614 997 civium
634 958 693 1007 agi
714 959 809 995 velle
828 957 1035 1003 arbitrarer,
1053 965 1089 994 et
1109 959 1157 995 ad
1178 971 1261 995 eam
1282 959 1467 997 rationem

183 1023 446 1060 existimabam
485 1022 573 1060 satis
610 1028 738 1070 aptam
776 1034 858 1058 esse
901 1028 937 1057 et
975 1028 1147 1058 naturam
1191 1029 1226 1059 et
1266 1035 1467 1071 personam

142 1099 166 1126 2
185 1100 320 1124 meam.
368 1087 485 1134 Quod
505 1086 535 1123 si
555 1085 605 1122 ita
625 1093 680 1123 est
700 1092 736 1122 et
756 1084 786 1121 si
807 1097 882 1133 qua
901 1085 949 1121 de
970 1083 1155 1133 Pompeio
1175 1092 1304 1122 nostro
1323 1087 1467 1124 tuendo

135 1789 159 1826 3

183 1158 220 1189 et
239 1150 308 1188 tibi
332 1163 376 1188 ac
404 1150 455 1187 rei
479 1149 655 1199 publicae
683 1147 966 1186 reconciliando
992 1161 1080 1185 cura
1106 1155 1142 1185 te
1168 1148 1325 1198 attingit,
1349 1150 1467 1198 magis

181 1214 364 1251 idoneum
385 1226 499 1262 quam
528 1225 599 1261 ego
627 1225 710 1249 sum
735 1212 784 1249 ad
813 1224 896 1248 eam
925 1224 1078 1248 causam
1108 1213 1277 1260 profecto
1305 1213 1466 1261 reperies

181 1277 374 1315 neminem
408 1276 473 1324 qui
502 1282 538 1313 et
567 1275 619 1311 illi
647 1287 796 1324 semper
824 1281 860 1311 et
889 1273 1035 1311 senatui
1059 1287 1146 1311 cum
1173 1274 1336 1322 primum
1360 1275 1466 1324 potui

180 1339 284 1389 pacis
303 1346 435 1376 auctor
454 1338 507 1375 fui
527 1351 597 1376 nec
618 1337 778 1386 sumptis
797 1337 910 1374 armis
936 1337 1025 1374 belli
1052 1339 1167 1374 ullam
1194 1345 1338 1386 partem
1361 1339 1466 1387 attigi

179 1402 420 1450 iudicavique
441 1414 486 1439 eo
507 1402 608 1438 bello
629 1408 664 1438 te
684 1400 813 1437 violari
834 1407 965 1437 contra
992 1400 1098 1437 cuius
1124 1402 1309 1438 honorem
1334 1402 1465 1450 populi

180 1465 348 1503 Romani
377 1464 564 1503 beneficio
592 1477 817 1502 concessum
844 1463 986 1501 inimici
1015 1471 1129 1513 atque
1160 1464 1277 1502 invidi
1307 1464 1465 1503 niteren-

179 1535 246 1566 tur.
305 1529 381 1566 Sed
409 1535 450 1565 ut
478 1541 523 1565 eo
552 1534 723 1575 tempore
755 1539 833 1563 non
867 1528 983 1564 modo
1012 1527 1092 1576 ipse
1122 1529 1244 1565 fautor
1272 1527 1464 1577 dignitatis

178 1598 265 1628 tuae
302 1591 355 1628 fui
392 1604 521 1628 verum
554 1590 667 1627 etiarn
698 1589 831 1627 ceteris
863 1597 994 1627 auctor
1030 1591 1079 1627 ad
1118 1597 1153 1627 te
1190 1590 1461 1637 adiuvandum,

178 1654 231 1691 sic
252 1667 312 1691 me
338 1667 440 1691 nunc
468 1653 625 1701 Pompei
650 1652 812 1701 dignitas
840 1654 1085 1691 vehementer
1112 1662 1248 1692 movet.
1306 1654 1464 1703 Aliquot

177 1716 279 1754 enim
300 1723 387 1754 sunt
406 1716 495 1753 anni
516 1729 603 1753 curn
624 1729 690 1754 vos
711 1717 789 1753 duo
809 1716 930 1764 delegi
953 1729 1048 1765 quos
1078 1717 1279 1766 praecipue
1299 1719 1463 1755 colerem

177 1787 213 1817 et
242 1780 379 1828 quibus
409 1793 543 1825 essem,
573 1779 668 1816 sicut
697 1792 791 1824 sum,
822 1779 1084 1816 amicissimus.
1144 1781 1270 1827 Quam
1301 1781 1351 1818 ob
1384 1794 1461 1818 rem

175 1856 197 1879 a
230 1850 267 1879 te
295 1850 384 1891 peto
412 1844 471 1879 vel
499 1842 625 1891 potius
654 1841 832 1879 omnibus
862 1849 898 1879 te
928 1842 1103 1891 precibus
1133 1855 1199 1879 oro
1228 1849 1264 1879 et
1293 1844 1462 1880 obtestor

176 1912 217 1942 ut
250 1904 289 1941 in
320 1905 392 1942 tuis
423 1904 594 1941 maximis
628 1905 725 1942 curis
756 1904 899 1952 aliquid
931 1904 1122 1953 impertias
1160 1905 1339 1953 temporis
1373 1906 1461 1943 huic

177 1981 330 2016 quoque
360 1967 578 2016 cogitationi
606 1975 645 2004 ut
676 1975 741 2004 tuo
772 1967 960 2005 beneficio
990 1968 1113 2004 bonus
1133 1967 1196 2013 vir,
1218 1975 1354 2016 gratus,
1376 1968 1460 2017 pius

176 2030 343 2078 denique
371 2043 452 2067 esse
481 2030 519 2067 in
554 2029 706 2066 maximi
735 2029 897 2066 benefici
926 2029 1108 2067 memoria
1140 2030 1293 2078 possim.
1351 2031 1461 2077 Quae

176 2092 206 2129 si
244 2099 391 2129 tantum
428 2094 477 2130 ad
516 2105 576 2129 me
614 2092 738 2140 ipsum
771 2091 1015 2140 pertinerent,
1046 2105 1234 2140 sperarem
1268 2106 1328 2130 me
1365 2106 1387 2131 a
1424 2101 1460 2131 te

176 2163 304 2193 tamen
335 2155 635 2204 impetraturum,
665 2156 742 2201 sed,
776 2162 816 2192 ut
845 2155 1013 2200 arbitror,
1047 2163 1084 2192 et
1116 2157 1165 2193 ad
1202 2163 1306 2193 tuam
1344 2158 1459 2195 fidem

1490 659 1506 689 5

1493 974 1526 994 10

1490 1290 1522 1320 ¹5

1485 1609 1521 1630 20

176 2226 212 2255 et
240 2220 289 2256 ad
316 2232 393 2255 rem
422 2218 615 2267 publicam
644 2217 806 2266 pertinet
832 2231 893 2255 me
922 2226 958 2255 et
983 2218 1086 2266 pacis
1114 2226 1151 2255 et
1179 2219 1373 2268 utriusque
1402 2234 1459 2258 ve-
1479 2237 1518 2266 30

222 2329 259 2357 19
282 2319 387 2349 fautor
403 2319 538 2348 Bosz'ns:
563 2324 677 2349 auctor
692 2318 792 2348 codd.:
816 2318 947 2349 adiutor
967 2319 1101 2348 Vrsinus
1237 2328 1278 2356 30
1302 2324 1334 2349 et
1351 2321 1457 2361 pacis]

177 2365 210 2391 ut
227 2362 317 2400 pacis
334 2361 407 2393 coni.
425 2360 563 2391 Msiller:
598 2372 615 2391 e
633 2361 745 2400 paucis
761 2361 881 2391 Bosz'us
968 2361 1017 2400 et]
1035 2366 1066 2390 et
1083 2362 1122 2391 ad
1138 2360 1255 2391 Bosius
