1690 2710
504 131 612 166 EPP.
643 131 718 166 AD
747 129 998 167 ATTICVM
1281 129 1386 164 XVI.
1409 128 1469 163 vii

110 238 286 276 admirari
313 237 401 275 satis
428 250 505 275 non
531 236 639 286 potui
672 237 777 284 quod
808 235 987 284 scripsisti
1022 234 1080 272 his
1106 234 1239 280 verbis,
1269 236 1399 272 ‘Bene

111 301 222 350 igitur
241 308 280 338 tu
307 301 372 349 qui
401 300 624 345 εὐθανασίαν,
648 299 769 336 bene!
799 298 969 347 relinque
998 297 1180 346 patriam!
1236 300 1297 334 An
1327 310 1397 345 ego

110 363 371 413 relinquebam
399 371 464 401 aut
492 362 560 400 tibi
586 369 667 399 turn
697 361 908 410 relinquere
930 361 1114 399 videbar?
1168 363 1228 397 Tu
1255 360 1293 398 id
1321 374 1397 398 non

112 428 228 465 modo
257 440 334 464 non
358 426 588 476 prohibebas
611 438 742 463 verum
767 425 880 462 etiam
907 425 1158 473 adprobabas.
1217 424 1399 461 Graviora

74 504 91 535 5
111 503 208 538 quae
228 498 378 528 restant.
439 489 585 526 ‘Velim
612 490 765 539 σχόλιον
790 488 946 536 aliquod
972 487 1103 526 elimes
1129 488 1177 524 ad
1205 500 1265 524 me
1291 500 1399 536 opor-

111 553 227 590 tuisse
255 560 291 590 te
320 552 416 589 istuc
444 553 589 590 facere.'
645 553 765 597 Itane,
797 550 849 588 mi
876 551 1030 588 Attice?
1062 549 1286 588 defensione
1315 557 1399 598 eget

112 628 239 653 meum
273 616 425 659 factum,
461 615 679 664 praesertim
713 615 815 663 apud
847 621 883 651 te
917 613 981 662 qui
1015 613 1054 651 id
1089 612 1307 650 mirabiliter
1335 615 1399 651 ad-

111 677 307 728 probasti?
363 679 445 726 Ego
468 690 557 714 vero
583 677 696 715 istum
725 678 979 728 ἀπολογισμὸν
1004 678 1236 725 συντάξομαι,
1257 677 1324 714 sed
1350 677 1400 714 ad

112 754 243 779 eorum
271 740 436 789 aliquem
467 740 605 789 quibus
637 741 762 777 invitis
793 747 830 778 et
863 739 1174 778 dissuadentibus
1208 741 1399 788 profectus

58 823 94 844 ιο
112 817 206 842 sum.
266 802 347 840 Etsi
380 803 473 852 quid
504 803 578 840 iam
608 817 704 852 opus
735 811 791 841 est
824 805 992 855 σχολίῳέ
1025 803 1055 840 si
1088 816 1398 852 perseverassem,

111 882 207 918 opus
228 867 367 905 fuisset.
416 869 488 904 ‘At
504 869 577 905 hoc
598 867 721 916 ipsum
739 881 815 905 non
833 868 1073 906 constanter.’
1117 868 1243 905 Nemo
1264 868 1400 904 doctus

111 944 294 980 umquam
321 930 457 979 (multa
485 938 612 967 autem
642 932 690 968 de
720 932 793 968 hoc
821 945 958 979 genere
988 930 1126 978 scripta
1154 932 1256 977 sunt)
1283 937 1401 967 muta-

112 995 256 1033 tionem
289 993 423 1032 consili
458 994 753 1032 inconstantiam
784 994 877 1032 dixit
910 1009 1002 1033 esse.
1063 995 1257 1044 Deinceps
1290 994 1443 1044 igitur4

112 1060 216 1104 haec,
242 1059 365 1095 ‘Nam
395 1056 424 1095 si
455 1070 477 1094 a
503 1058 678 1095 Phaedro
707 1065 836 1095 nostro
868 1071 982 1105 esses,
1006 1058 1182 1108 expedita
1207 1056 1401 1095 excusatio

59 1138 92 1169 15
110 1128 234 1167 'esset3
281 1134 384 1158 nunc
421 1120 514 1169 quid
552 1122 877 1170 respondemus?⁷
942 1124 1043 1170 Ergo
1080 1121 1119 1160 id
1157 1129 1235 1159 erat
1273 1134 1400 1158 meum

112 1186 254 1222 factum
289 1185 394 1233 quod
425 1183 563 1223 Catoni
593 1185 754 1232 probare
788 1198 864 1222 non
899 1185 1072 1234 possim?
1108 1184 1224 1234 flagiti
1257 1183 1401 1223 scilicet

112 1250 268 1297 plenum
290 1255 326 1285 et
346 1247 556 1285 dedecoris.
615 1247 772 1284 Vtinam
793 1261 814 1285 a
834 1247 956 1297 primo
977 1248 1028 1285 ita
1047 1248 1115 1286 tibi
1135 1255 1233 1286 esset
1254 1247 1375 1285 visum
1393 1250 1399 1284 !

113 1320 151 1350 tu
191 1311 294 1358 mihi,
330 1311 426 1348 sicut
457 1324 539 1348 esse
572 1312 681 1356 soles,
714 1311 847 1348 fuisses
882 1312 989 1349 Cato.
1048 1313 1269 1348 Extremum
1308 1310 1442 1357 illud5

112 1377 170 1413 vel
214 1374 534 1420 molestissimum,
574 1375 695 1410 ‘Nam
736 1375 873 1411 Brutus
912 1381 1039 1411 noster
1076 1373 1183 1419 silet‚'
1221 1374 1293 1410 hoc
1333 1380 1400 1418 est,

56 1454 95 1476 20
113 1453 190 1478 non
210 1440 326 1477 audet
353 1438 550 1476 hominem
580 1437 619 1475 id
637 1436 771 1475 aetatis
798 1450 963 1475 monere.
993 1463 997 1467 —
1021 1436 1138 1474 Aliud
1165 1436 1257 1473 nihil
1278 1436 1403 1473 habeo

113 1504 217 1552 quod
237 1517 283 1540 ex
303 1502 346 1540 iis
373 1516 395 1540 a
422 1509 458 1540 te
478 1500 602 1539 verbis
631 1500 832 1549 significari
860 1507 1000 1548 putem,
1023 1507 1061 1537 et
1086 1500 1239 1537 hercule
1260 1498 1311 1536 ita
1333 1506 1399 1536 est.

114 1567 215 1604 Nam
236 1578 304 1603 xvl
332 1567 416 1603 Kal.
441 1567 542 1614 Sept.
565 1577 653 1602 cum
680 1563 868 1601 venissem
889 1562 1049 1609 Veliam,
1074 1565 1211 1599 Brutus
1234 1561 1402 1609 audivit3

113 1637 191 1668 erat
222 1630 323 1668 enim
358 1643 446 1667 cum
482 1629 558 1667 suis
593 1628 753 1666 navibus
781 1628 884 1676 apud
916 1629 1095 1665 Haletem
1125 1627 1281 1664 fluvium
1311 1626 1403 1664 citra

113 1693 263 1730 Veliam
280 1693 382 1730 milia
402 1706 534 1742 passus
556 1705 612 1729 111.
664 1691 832 1730 Pedibus
847 1692 896 1728 ad
917 1704 978 1728 me
995 1690 1133 1728 statim.
1183 1689 1233 1727 Di
1253 1689 1403 1728 immor-

58 1764 95 1796 ²5
115 1757 217 1802 tales,
258 1769 373 1805 quarn
408 1757 517 1794 valde
556 1755 617 1793 ille
652 1755 773 1793 reditu
808 1756 865 1792 vel
904 1754 1030 1803 potius
1067 1753 1281 1791 reversione
1318 1766 1402 1791 mea

114 1821 274 1857 laetatus
307 1819 440 1857 effudit
479 1819 540 1856 illa
573 1818 703 1857 omnia
737 1831 835 1867 quae
869 1820 1057 1855 tacuerat!
1113 1824 1155 1854 ut
1187 1818 1402 1855 recordarer

115 1882 207 1920 illud
246 1889 353 1919 tuum
394 1883 517 1919 ‘Nam
557 1884 695 1919 Brutus
736 1888 864 1919 noster
901 1880 1008 1918 silet.'
1065 1879 1234 1917 Maxime
1273 1886 1401 1917 autem

114 1945 269 1984 dolebat
307 1958 368 1983 me
407 1947 492 1983 Kal.
529 1946 627 1983 Sext.
668 1945 706 1982 in
750 1952 884 1983 senatu
916 1957 993 1982 non
1032 1943 1155 1982 fuisse.
1224 1943 1402 1982 Pisonem

115 2009 257 2046 serebat
287 2008 324 2045 in
354 2010 526 2054 caelum‚·
555 2023 594 2046 se
619 2016 747 2047 autem
777 2008 904 2046 lactari
933 2008 1038 2057 quod
1064 2007 1278 2055 effugissem
1308 2008 1402 2045 duas

162 2121 187 2147 1,
204 2121 222 2139 2
248 2110 336 2139 Bene
353 2133 359 2139 .
382 2134 386 2139 .
409 2133 415 2140 .
434 2110 532 2150 bene]
558 2111 631 2140 veni
655 2133 661 2140 .
688 2135 692 2140 .
716 2133 723 2141 .
750 2111 826 2139 veni
855 2111 928 2140 Vt'ct.
1059 2120 1077 2138 2
1102 2109 1267 2148 relinques
1286 2109 1401 2140 Lamb.

115 2152 236 2182 Locum
253 2153 295 2181 ila
313 2152 537 2182 ›vstiluendmn
553 2154 628 2183 coni.
642 2152 818 2182 Housman
831 2153 922 2182 Tene
942 2152 1039 2190 igitur
1051 2153 1104 2190 qui
1119 2151 1312 2190 ,εὐθανασίαν,
1326 2157 1402 2181 tene

115 2195 300 2233 relinquere
318 2194 473 2232 patriam?
498 2195 562 2225 coll.
585 2196 626 2226 ix,
642 2205 668 2232 7.
687 2204 704 2233 5
813 2206 830 2232 4
856 2195 1053 2233 prohibebas
1070 2194 1119 2222 M²
1134 2194 1243 2234 vulga
1269 2194 1402 2224 iubebas

117 2236 166 2265 Μ1
183 2248 190 2266 :
224 2237 395 2266 inhibebas
411 2238 487 2266 com'.
505 2242 554 2277 ap.
578 2237 712 2267 Lamb.:
737 2237 815 2275 sbrl.
832 2237 1039 2276 improbabas
1171 2247 1206 2274 14
1230 2246 1322 2266 esses
1343 2233 1380 2265 Z'
1398 2248 1404 2266 :

116 2284 205 2309 esset
220 2279 318 2309 Rom.
334 2291 340 2309 τ
364 2284 453 2309 esset
469 2280 682 2318 exprobatum
698 2279 866 2309 Lelmnum
957 2281 994 2308 16
1019 2289 1145 2317 possem
1157 2278 1283 2308 Ernesti
1365 2288 1400 2307 21

116 2331 158 2351 ex
173 2325 239 2351 velt.
256 2333 262 2351 :
286 2326 319 2351 et
336 2320 394 2351 M:
417 2332 481 2351 om.
507 2322 621 2351 Lamb.
760 2332 800 2360 23
825 2321 980 2352 Haletem
996 2320 1113 2351 Lamb.
1131 2324 1159 2350 et
1173 2320 1214 2350 M
1228 2321 1295 2359 (49.
1313 2322 1345 2359 95
1364 2320 1408 2350 (ια’

116 2363 208 2394 Fam.
226 2363 280 2394 vii.
297 2373 347 2394 20.
368 2374 379 2392 1
397 2375 402 2394 :
431 2364 582 2394 Heletem
601 2363 640 2392 M
769 2375 807 2401 24
833 2364 920 2393 inilia
940 2373 1056 2402 passus
1076 2363 1115 2392 Μ
1131 2363 1165 2400 (f
1189 2373 1269 2401 quae
1287 2363 1356 2393 dixi
1371 2364 1409 2392 1¹11·

117 2405 161 2436 cd.
184 2405 384 2444 Tyrrellt'ana,
403 2405 443 2435 vi.
460 2416 489 2444 p.
508 2406 566 2443 178
582 2417 588 2435 z
612 2406 695 2435 milia
713 2415 867 2444 passuum
883 2406 967 2445 vulg.
987 2417 991 2435 :
1019 2405 1084 2436 mil.
1103 2414 1188 2444 pass.
1205 2404 1323 2436 Miillcr
