1590 2730
477 555 643 592 LIBER
671 555 906 592 TERTIVS
931 522 1190 593 sDECIMVS

595 665 695 711 AD
743 665 1069 711 ATTICVM

230 791 255 825 1
460 793 526 825 Scr.
546 769 577 823 1sz
600 793 778 824 Tusculano
792 805 815 824 x
829 794 870 824 K.
890 794 964 823 Ilm.
985 804 1014 824 a.
1034 803 1090 833 709
1109 793 1189 833 (45).

644 878 813 908 CICERO
845 878 1019 908 ATTICO.

156 980 171 1005 1
244 967 308 1002 AD
329 964 556 1003 Ciceronem
577 963 629 1001 ita
648 964 827 1013 scripsisti
849 972 889 1001 ut
909 977 1034 1013 neque
1055 964 1219 1002 severius
1238 977 1364 1013 neque
1383 972 1475 1002 tem-

189 1027 353 1076 peratius
373 1027 485 1065 scribi
510 1027 675 1076 potuerit
702 1041 773 1065 nec
803 1027 921 1076 magis
943 1026 1090 1079 [quam]
1112 1041 1225 1077 quem
1245 1029 1295 1065 ad
1315 1029 1474 1065 modum

190 1103 260 1139 ego
281 1090 443 1128 maxime
463 1092 599 1128 vellem
616 1104 626 1137 3
657 1090 951 1139 prudentissime
971 1090 1084 1128 etiam
1104 1091 1153 1128 ad
1172 1090 1329 1127 Tullios.
1388 1091 1475 1137 Qua
1494 1101 1510 1131 5

148 1166 170 1192 2
189 1167 227 1191 re
255 1161 319 1191 aut
348 1154 418 1191 ista
446 1153 646 1203 proficient
673 1161 738 1191 aut
765 1154 868 1192 aliud
896 1167 1062 1202 agamus.
1122 1156 1181 1191 De
1206 1153 1368 1202 pecunia
1386 1166 1475 1190 vero

190 1216 303 1255 video
322 1230 343 1254 a
363 1224 400 1254 te
420 1230 575 1254 omnem
599 1216 834 1264 diligentiam
858 1216 1031 1254 adhiberi
1052 1218 1110 1254 vel
1130 1216 1256 1265 potius
1277 1216 1351 1253 iam
1371 1216 1475 1253 adhi-

189 1279 307 1317 bitam
328 1293 421 1318 esse.
479 1281 596 1328 Quod
617 1279 647 1316 si
667 1280 794 1326 efficis,
815 1293 837 1316 a
857 1287 893 1317 te
913 1281 1043 1317 hortos
1063 1279 1225 1316 habebo.
1284 1280 1366 1316 Nec
1386 1291 1475 1316 vero

189 1344 307 1380 ullum
336 1356 455 1391 genus
484 1342 735 1391 possessionis
764 1350 820 1380 est
844 1344 949 1391 quod
979 1343 1118 1388 malim,
1141 1341 1303 1379 maxime
1331 1341 1475 1379 scilicet

188 1406 239 1442 ob
269 1419 354 1442 eam
386 1419 539 1443 causam
578 1419 676 1454 quae
713 1413 888 1454 suscepta
925 1413 1005 1451 est3
1049 1405 1155 1442 cuius
1192 1404 1473 1443 festinationem
1497 1417 1532 1438 10

188 1468 280 1505 mihi
301 1468 411 1513 tollis,
435 1468 616 1517 quoniam
641 1470 690 1506 de
712 1476 855 1506 aestate
884 1469 1071 1518 polliceris
1092 1471 1149 1506 vel
1175 1468 1300 1516 potius
1327 1468 1472 1517 recipis.

188 1531 339 1570 Deinde
355 1531 468 1570 etiam
488 1533 537 1570 ad
559 1533 780 1580 καταβίωσιν
794 1531 1098 1580 maestitiamque
1114 1531 1360 1581 minuendam
1381 1531 1474 1567 nihil

188 1595 278 1631 mihi
309 1595 460 1644 reperiri
484 1602 610 1643 potest
635 1595 783 1644 aptius:
812 1595 919 1632 cuius
940 1594 992 1633 rei
1013 1595 1202 1643 cupiditas
1228 1594 1387 1643 impellit
1413 1607 1474 1631 me

187 1658 376 1695 interdum
409 1665 448 1694 ut
482 1666 518 1695 te
551 1658 690 1695 hortari
720 1658 843 1695 velim.
902 1659 977 1695 Sed
1010 1671 1071 1695 me
1097 1657 1177 1706 ipse
1207 1671 1367 1703 revoco3
1395 1669 1473 1694 non

187 1720 287 1758 enim
318 1720 453 1757 dubito
474 1720 576 1769 quin,
600 1721 704 1769 quod
732 1734 793 1758 me
817 1721 927 1758 valde
956 1722 1051 1758 velle
1075 1728 1195 1769 putes,
1217 1719 1255 1756 in
1279 1733 1325 1757 eo
1348 1727 1388 1756 tu
1412 1732 1473 1757 me
1497 1732 1530 1763 ¹5

187 1784 311 1832 ipsum
332 1783 539 1832 cupiditate
559 1783 697 1821 vincas.
748 1786 882 1832 Itaque
902 1783 998 1821 istuc
1018 1783 1092 1820 iam
1113 1797 1180 1832 pro
1200 1784 1300 1820 facto
1319 1783 1454 1820 habeo.

147 1851 170 1886 3
242 1848 432 1895 Exspecto
469 1846 562 1894 quid
600 1846 679 1884 istis
717 1848 864 1895 placeat
897 1847 946 1884 de
978 1846 1139 1895 epistula
1170 1847 1219 1883 ad
1235 1847 1470 1900 ‚Caesarem

190 1909 319 1946 Nicias
343 1917 390 1955 te,
419 1917 459 1946 ut
483 1910 609 1955 debet,
631 1918 734 1947 amat
761 1911 1083 1958 vehementerque
1112 1917 1176 1946 tua
1204 1909 1261 1946 sui
1290 1908 1474 1946 memoria

187 1974 405 2010 delectatur.
483 1974 566 2021 Ego
603 1986 691 2010 vero
735 1974 978 2010 Peducaeum
1018 1980 1188 2010 nostrum
1226 1973 1472 2010 vehementer

185 2035 324 2083 diligo3
357 2048 446 2072 nam
470 2043 507 2073 et
526 2035 657 2084 quanti
685 2043 830 2084 patrem
858 2035 939 2080 feci,
963 2038 1108 2073 †totum
1133 2036 1170 2072 in
1197 2036 1323 2074 hunc†
1345 2035 1470 2083 ipsum
1493 2047 1530 2068 20

184 2111 250 2146 per
292 2111 332 2135 se
368 2112 490 2147 aeque
520 2112 608 2136 amo
637 2106 752 2147 atque
783 2099 887 2135 illuni
918 2098 1052 2143 amavi,
1083 2106 1118 2135 te
1146 2111 1235 2136 vero
1267 2098 1471 2146 plurimum

184 2161 248 2209 qui
279 2163 353 2198 hoc
383 2162 432 2198 ab
466 2168 627 2210 utroque
658 2168 828 2198 nostrum
860 2161 938 2198 fieri
966 2161 1067 2199 velis.
1126 2161 1162 2197 Si
1192 2162 1321 2198 hortos
1350 2161 1472 2217 inspe3

226 2272 245 2299 4
269 2272 365 2300 quam
380 2261 437 2292 del.
459 2261 548 2291 Man.
725 2262 744 2291 8
767 2261 865 2299 Quod
882 2261 908 2291 si
927 2261 954 2291 C
966 2271 995 2291 v.
1011 2271 1034 2291 c.
1052 2259 1079 2289 L
1095 2260 1230 2300 (marg.)
1248 2260 1359 2291 codices
1374 2260 1469 2291 Bosz':

184 2314 248 2334 om.
270 2307 322 2335 ΣΔ
391 2303 507 2343 efficis]
524 2308 556 2333 et
572 2303 707 2333 sicunde
724 2303 871 2334 Schmidt
886 2305 963 2341 (om.
984 2303 1081 2341 Quod
1102 2303 1144 2339 si)
1253 2313 1295 2333 20
1317 2307 1418 2333 totum
1436 2303 1469 2332 in

184 2347 270 2375 hunc
288 2346 342 2386 (sc.
362 2345 529 2385 transtuli)
546 2351 579 2375 et
596 2346 702 2384 ipsum
718 2345 833 2377 Lamb.
854 2357 860 2375 :
884 2346 965 2375 tanti
981 2345 1068 2375 hunc
1085 2350 1118 2376 et
1134 2345 1241 2384 ipsum
1254 2344 1337 2374 Reid
