1690 2710
131 130 218 168 XV.
240 130 347 166 xxvi
621 131 676 167 M.
707 131 870 167 TVLLI
900 131 1197 169 CICERONIS

261 251 324 276 me
352 237 426 276 iam
454 238 528 275 iam
557 239 658 276 nolle
686 250 812 287 neque
840 237 933 276 mihi
961 251 1100 287 aquam
1128 251 1212 277 esse
1239 237 1344 276 tanti.
1399 239 1476 278 Sed
1505 245 1548 277 ut

262 301 354 338 mihi
375 301 543 347 dicebas,
563 314 677 349 quam
697 300 899 347 lenissime,
921 301 1047 350 potius
1067 309 1107 339 ut
1127 315 1217 339 cura
1235 301 1413 339 liberetur
1432 315 1548 351 quam

261 371 302 402 ut
323 378 383 402 me
403 377 622 402 suscensere
644 363 788 412 aliquid
814 364 1034 413 suspicetur.
1092 366 1191 402 Item
1212 365 1260 402 de
1286 364 1350 402 illo
1369 364 1548 403 Tulliano

260 427 384 476 capite
412 427 528 464 libere
551 440 638 464 cum
660 426 847 464 Cascellio
876 429 1040 475 loquere.
1100 429 1217 464 Parva
1243 440 1300 464 res
1326 434 1395 473 est,
1415 428 1481 465 sed
1507 434 1547 465 tu

259 489 359 527 bene
389 489 593 527 attendisti.
662 489 786 527 Nimis
821 489 955 527 callide
985 490 1175 538 agebatur.
1245 492 1328 538 Ego
1359 497 1487 527 autem
1517 488 1548 527 si
1566 503 1583 534 5

259 552 352 590 mihi
383 552 624 602 imposuisset
649 552 802 601 aliquid,
826 554 930 602 quod
959 566 1080 602 paene
1103 552 1191 590 fecit
1220 552 1291 590 nisi
1316 560 1381 590 tua
1406 552 1549 590 malitia

256 616 448 662 adfuisset,
478 616 607 654 animo
635 616 766 665 iniquo
797 616 977 655 tulissem.
1036 619 1182 666 Itaque,
1210 624 1251 655 ut
1283 624 1325 654 ut
1354 617 1433 663 erit,
1468 630 1547 655 rem

257 679 433 728 impediri
454 681 564 717 malo.
623 680 808 718 Octavam
837 687 983 729 partem
1003 680 1095 719 †tuli
1121 680 1349 717 luminarum
1377 679 1546 718 medium

257 744 306 781 ad
340 751 463 780 strane
492 742 708 781 memineris
737 743 798 781 cui
828 743 1035 783 Caerellia†
1063 743 1200 781 videris
1234 742 1426 792 mancipio
1456 744 1546 781 dare

257 806 305 843 ad
339 819 423 843 eam
456 819 645 843 summam
679 820 776 854 quae
814 806 885 844 sub
923 819 1110 855 praecone
1147 806 1216 843 fuit
1254 805 1426 844 maxima.
1498 807 1546 844 Id
1566 822 1604 847 10

257 868 393 917 opinor
413 882 494 906 esse
515 880 711 906 CCCLxxx.

214 944 238 981 5
309 931 410 969 Novi
439 931 469 969 si
497 932 590 981 quid
623 931 691 969 erit
723 939 838 980 atque
875 931 988 970 etiam
1022 931 1052 970 si
1081 931 1174 981 quid
1206 931 1412 981 prospicies
1441 933 1546 981 quod

256 996 423 1032 futurum
453 1002 575 1044 putes,
602 995 743 1032 scribas
769 997 817 1033 ad
846 1009 906 1033 me
931 1009 1045 1045 quam
1073 994 1291 1044 saepissime
1311 995 1435 1041 velim,
1457 997 1548 1033 Var-

256 1058 349 1103 roni,
380 1071 495 1106 quem
527 1060 576 1096 ad
611 1059 769 1096 modum
800 1058 867 1096 tibi
901 1058 1092 1105 mandavi,
1121 1058 1338 1096 memineris
1368 1072 1546 1096 excusare

256 1121 471 1159 tarditatem
493 1121 698 1159 litterarum
720 1135 899 1160 mearum.
960 1123 1132 1160 Mundus
1152 1121 1221 1159 iste
1241 1135 1329 1159 cum
1347 1123 1400 1159 M.
1418 1121 1545 1159 Ennio
1566 1139 1601 1171 ¹5

257 1184 349 1233 quid
380 1184 494 1233 egerit
527 1186 576 1223 de
609 1193 837 1223 testamento
866 1185 1053 1235 (curiosus
1081 1199 1162 1223 sum
1192 1184 1311 1236 enim)
1340 1185 1453 1223 facias
1484 1199 1545 1223 me

256 1247 369 1286 velim
390 1247 598 1285 certiorem.
657 1250 714 1285 Ex
734 1248 907 1298 Arpinati
928 1260 967 1286 vi
989 1249 1089 1286 Non.

298 1392 471 1428 XXVII
515 1394 581 1427 διν.
598 1395 631 1426 in
649 1394 681 1425 A
687 1395 833 1436 ›pinativ
850 1395 932 1426 Non.
954 1395 1062 1434 Quint.
1081 1405 1110 1426 α.
1133 1405 1188 1435 710
1204 1396 1291 1437 (44).

651 1481 817 1511 CICERO
846 1481 1021 1511 ATTICO
1050 1480 1153 1513 SAL.

219 1581 237 1610 1
309 1569 470 1608 Gaudeo
494 1567 532 1605 id
555 1575 592 1605 te
618 1567 711 1605 mihi
737 1568 895 1605 suadere
916 1568 1020 1616 quod
1049 1580 1119 1616 ego
1149 1579 1233 1605 mea
1261 1573 1397 1616 sponte
1422 1565 1542 1616 pridie
1562 1579 1599 1601 20

254 1632 426 1669 feceram.
485 1633 586 1668 Nam
615 1644 702 1668 cum
731 1632 779 1668 ad
809 1639 845 1668 te
874 1642 912 1667 vl
944 1632 1077 1668 Nonas
1106 1632 1246 1678 darem,
1274 1630 1400 1669 eidem
1428 1631 1544 1669 tabel-

254 1696 345 1733 lario
366 1695 455 1733 dedi
475 1695 588 1733 etiarn
609 1696 657 1732 ad
678 1694 841 1733 Sestium
866 1694 1022 1744 scriptas
1043 1696 1134 1732 πάνυ
1154 1696 1413 1746 φιλοστόργως.
1473 1696 1543 1733 Ille

252 1767 390 1804 autem,
414 1759 518 1807 quod
548 1760 728 1796 Puteolos
756 1757 1006 1807 persequitur,
1031 1759 1209 1803 humane,
1231 1759 1336 1806 quod
1363 1757 1542 1806 queritur,

198 1829 202 1831 ⁴
252 1822 400 1860 iniuste.
472 1823 562 1860 Non
600 1822 700 1859 enim
741 1835 811 1870 ego
849 1829 925 1858 tam
964 1820 1069 1857 illum
1108 1829 1324 1869 exspectare
1361 1822 1454 1859 dum
1491 1822 1541 1859 de

254 1887 408 1924 Cosano
434 1885 570 1922 rediret
596 1884 711 1923 debui
738 1897 854 1933 quam
880 1884 941 1921 ille
967 1891 1031 1921 aut
1055 1897 1133 1922 non
1158 1883 1210 1922 ire
1235 1891 1323 1922 ante
1343 1897 1458 1933 quam
1479 1896 1540 1922 me
1559 1895 1597 1927 25

252 1948 407 1987 vidisset
434 1955 499 1986 aut
522 1947 632 1986 citius
658 1947 802 1986 reverti.
861 1946 1013 1985 Sciebat
1036 1946 1138 1984 enim
1167 1960 1228 1985 me
1257 1947 1426 1985 celeriter
1444 1948 1540 1985 velle

298 2060 310 2080 1
337 2060 452 2089 aquam
468 2049 632 2080 Turnebus
645 2060 650 2079 :
674 2059 769 2087 quam
783 2045 858 2078 MZt
873 2060 878 2077 ι
903 2048 1076 2086 quicquam
1090 2046 1164 2078 Vict.
1234 2059 1252 2086 4
1276 2048 1410 2086 loquere
1424 2047 1539 2080 Orelli:

251 2092 387 2131 loquare
405 2092 444 2121 M
569 2103 585 2130 7
611 2097 645 2121 ut
662 2097 696 2121 ut
712 2091 792 2121 Ant.
806 2087 891 2120 FZt:
927 2094 963 2119 ut
987 2089 1027 2118 M
1151 2091 1170 2119 8
1193 2090 1308 2120 sustuli
1332 2090 1540 2120 luminarium

251 2136 379 2165 aedium
405 2135 555 2165 Asturae.
614 2134 802 2163 Memineris
826 2143 898 2162 cum
923 2132 1118 2162 Caerelliam
1142 2133 1264 2162 videris
1281 2133 1444 2171 mancipio
1462 2133 1539 2163 dare

251 2178 326 2207 coni.
346 2178 446 2207 Boot:
471 2176 691 2206 Tullianarum
709 2175 838 2205 aedium
852 2176 891 2204 ad
911 2174 1062 2205 Streniae
1084 2174 1138 2204 (ita
1156 2173 1289 2213 quidam
1312 2180 1361 2214 ap.
1382 2175 1496 2204 Lamb.
1513 2178 1541 2205 et

257 2220 433 2250 Turnebus]
467 2219 578 2249 deberi
615 2218 817 2254 Caerelliae3
863 2217 984 2247 videris
1017 2217 1178 2255 mancipio
1208 2218 1287 2247 dare
1316 2217 1538 2257 Slutckbutglz.

256 2261 380 2291 Tullius
403 2265 448 2291 est
477 2261 600 2291 Tullius
625 2261 811 2290 Montanus.
862 2259 910 2289 De
935 2259 1063 2288 1101111'ne
1087 2259 1276 2288 camilliano
1303 2260 1338 2299 (f-
1365 2260 1421 2290 xii.
1444 2269 1495 2298 51.
1519 2269 1538 2297 3

255 2305 292 2333 16
317 2314 387 2334 sum
405 2304 489 2333 enirn
522 2302 657 2341 Tyrrell2
683 2304 767 2333 enim
793 2301 851 2331 M:
875 2302 962 2331 enirn
984 2311 1055 2331 sum
1083 2300 1266 2340 [Vesenberg
1400 2312 1441 2340 23
1465 2312 1538 2340 per-

251 2347 399 2383 sequitur
415 2344 499 2374 codd.
517 2349 638 2383 praeiet»
654 2344 691 2373 M
705 2354 710 2374 :
737 2345 946 2383 prosequitur
962 2343 1017 2372 M:
1042 2343 1186 2382 sequitur
1202 2343 1285 2374 Reid
1399 2354 1438 2382 24
1462 2345 1538 2374 dum

255 2386 437 2427 lVescnbctg
451 2398 458 2417 z
483 2398 554 2418 cum
571 2387 656 2417 codd.
