1690 2710
122 122 228 158 XVI.
252 122 326 157 viii
623 123 676 158 Μ.
708 123 870 158 TVLLI
901 122 1197 159 CICERONIS

265 229 487 277 (ἀσφάλειαν
523 230 637 266 habet
675 229 704 266 is
751 228 872 277 locus)
909 228 1079 278 fugiam?
1151 231 1327 274 Romam,
1367 242 1415 266 ne
1452 228 1548 266 desi-

263 293 438 330 deremur
481 292 511 330 si
549 292 641 341 quid
677 300 805 330 actum
843 292 1041 330 videbitur.
1116 294 1207 330 Hoc
1243 292 1354 341 igitur
1389 291 1544 341 explica.

264 357 486 405 Numquam
515 355 553 392 in
583 356 723 393 maiore
752 356 882 405 ἀπορίᾳ
909 355 971 392 fui.

307 460 372 494 IX
497 462 563 493 Ser.
583 463 615 493 in
631 462 804 493 Puteolano
818 462 896 501 prid.
914 463 996 492 Non.
1014 462 1095 493 Nov.
1113 474 1141 493 a.
1165 472 1220 501 71⁰
1235 463 1320 503 (44).

665 536 830 567 CICERO
852 536 1026 567 ATTICO
1049 537 1150 567 SAL.
1567 545 1583 575 5

316 606 434 644 Binae
463 620 541 644 uno
569 606 631 644 die
660 607 751 644 mihi
781 606 924 644 litterae
949 608 998 644 ab
1025 606 1246 652 Octaviano,
1269 620 1372 644 nunc
1391 606 1546 655 quidem

262 676 302 706 ut
324 671 489 707 Romam
510 670 635 707 statim
656 669 805 707 veniam
823 684 833 715 ,·
861 671 956 706 velle
976 683 1016 707 se
1042 683 1120 707 rem
1146 683 1255 718 agere
1275 683 1341 718 per
1360 677 1544 707 senatum.

263 731 335 771 Cui
356 745 426 780 ego
445 746 523 770 non
550 746 661 781 posse
687 741 858 770 senatum
888 740 976 770 ante
1006 735 1052 770 K.
1077 735 1238 778 Ianuar„
1261 734 1365 781 quod
1391 732 1547 781 quidem

263 795 314 832 ita
342 796 465 832 credo.
525 797 594 833 Ille
622 803 749 833 autem
777 796 884 833 addit
916 796 1096 833 ‘consilio
1125 798 1214 833 tuo.'
1271 796 1375 843 Quid
1402 797 1548 833 multa?

263 858 324 895 ille
345 865 458 906 urget,
482 871 552 907 ego
571 865 698 895 autem
719 859 935 907 σκήπτομαι.
986 861 1075 896 Νο11
1096 860 1251 896 confido
1270 858 1396 905 aetati,
1416 858 1547 907 ignoro
1568 873 1606 895 10

262 934 340 969 quo
367 920 508 958 animo.
566 921 630 958 Nil
661 921 741 958 sine
773 923 896 958 Pansa
929 930 994 959 tuo
1027 924 1123 959 volo.
1181 924 1323 960 Vereor
1352 935 1400 959 ne
1426 923 1549 959 valeat

262 984 454 1021 Antonius
492 998 562 1021 nec
592 998 614 1021 a
647 984 751 1021 mari*
772 985 967 1022 discedere
1005 985 1096 1023 libet
1134 993 1171 1022 et
1204 992 1333 1023 metuo
1365 999 1414 1023 ne
1451 998 1549 1033 quae

263 1049 424 1096 ἀριστεία
452 1061 512 1085 1116
540 1049 708 1085 absente.
767 1048 928 1085 Varroni
957 1048 1112 1097 quidem
1143 1048 1317 1097 displicet
1347 1048 1547 1086 consilium

262 1111 378 1160 pueri,
410 1110 502 1148 mihi
531 1124 619 1148 non.
677 1111 715 1148 Si
749 1112 874 1148 firmas
908 1111 1037 1160 copias
1066 1112 1193 1157 habet,
1221 1113 1379 1148 Brutum
1408 1112 1548 1149 habere

263 1182 400 1223 potest,
420 1181 457 1211 et
485 1188 563 1211 rem
593 1174 685 1222 gerit
714 1176 849 1223 palam.
909 1175 1106 1213 Centuriat
1132 1176 1298 1223 Capuae,
1321 1174 1544 1212 dinumerat.
1569 1186 1605 1217 15

263 1238 345 1273 Iam
384 1237 536 1285 iamque
573 1237 686 1274 video
724 1238 875 1274 bellum.
944 1239 1007 1274 Ad
1044 1239 1138 1274 haec
1176 1237 1347 1274 rescribe.
1413 1238 1547 1274 Tabel-

261 1299 395 1336 larium
430 1313 558 1337 meum
594 1301 756 1337 Kalend.
791 1302 917 1337 Roma
949 1301 1161 1348 profectum
1194 1300 1275 1337 sine
1307 1299 1380 1337 tuis
1417 1299 1548 1337 litteris

264 1376 386 1400 miror.

306 1469 347 1502 X
517 1471 584 1501 Ser.
601 1472 633 1500 sn
650 1471 847 1502 Sinuessano
863 1472 896 1502 vi
908 1471 954 1502 Id.
975 1471 1053 1502 Nov.
1074 1483 1103 1502 a.
1123 1482 1177 1511 710
1197 1472 1283 1513 (44).

664 1546 829 1576 CICERO
851 1547 1024 1577 ATTICO
1047 1546 1149 1577 SAL.
1568 1559 1606 1580 20

229 1634 245 1660 1
317 1629 371 1654 v11
398 1618 453 1654 Id.
477 1616 562 1654 veni
590 1618 640 1654 ad
669 1631 729 1654 me
758 1617 796 1654 in
826 1617 1107 1655 Sinuessanum.
1166 1620 1315 1655 Eodem
1345 1618 1407 1656 die
1436 1620 1548 1667 vulgo

264 1680 518 1728 loquebantur
561 1680 773 1717 Antonium
811 1694 1030 1718 mansurum
1064 1695 1146 1718 esse
1188 1681 1354 1720 Casilini.
1413 1683 1548 1730 Itaque

265 1743 407 1779 mutavi
445 1743 669 1790 consilium3
711 1751 912 1781 statueram
948 1744 1048 1781 enim
1080 1753 1181 1782 recta
1211 1745 1337 1794 Appia
1370 1747 1545 1783 Romam.

268 1806 391 1843 Facile
425 1820 485 1844 me
518 1806 579 1843 ille
613 1815 711 1844 esset
740 1808 953 1845 adsecutus.
1012 1808 1130 1845 Aiunt
1163 1808 1264 1845 enim
1296 1821 1383 1845 eum
1414 1809 1549 1846 Caesa—

267 1870 368 1906 riana
389 1870 441 1906 uti
462 1870 661 1907 celeritate.
718 1870 823 1907 Verti
853 1871 963 1919 igitur
988 1885 1049 1908 me
1074 1885 1096 1908 a
1123 1872 1337 1909 Menturnis
1360 1872 1547 1921 Arpinum
1570 1886 1606 1916 25

266 1946 404 1970 versus.
462 1933 744 1971 Constitueram
773 1941 813 1971 ut
834 1946 860 1977 V*
879 1936 971 1972 Idus
999 1942 1063 1987 aut
1092 1935 1234 1983 Aquini
1264 1949 1456 1973 manerem
1484 1942 1550 1972 aut

200 2047 206 2052 Ι
226 2006 248 2032 2
268 1996 304 2032 in
326 1998 487 2034 Arcano.
545 1998 671 2042 Nunc,
693 1997 744 2034 mi
764 1997 902 2043 Attice,
924 2005 1003 2035 tota
1032 2006 1159 2036 mente
1179 1998 1358 2036 incumbe
1384 1998 1422 2035 in
1451 2000 1549 2035 hanc

313 2106 325 2126 1
352 2097 459 2134 fugio?
487 2096 575 2126 Malo
595 2098 733 2127 Romam
747 2098 822 2127 coni.
841 2097 941 2127 Boot:
965 2098 1155 2135 Romamne,
1171 2109 1210 2128 ne
1223 2098 1306 2129 Reid
1413 2109 1449 2137 14
1473 2109 1548 2129 non.

269 2139 315 2168 Si.
347 2150 374 2169 v.
387 2150 409 2169 c.
444 2134 485 2167 Z7'
519 2139 627 2169 Cra!.:
667 2150 731 2169 non
761 2143 834 2170 ΣΔ;
869 2151 935 2169 non
972 2141 1018 2170 sic
1054 2141 1137 2170 Boot
1280 2152 1319 2179 24
1352 2141 1550 2171 Caesariana

267 2181 362 2211 Rom.
382 2192 388 2210 ε
413 2181 589 2211 Caesarina
606 2181 690 2212 codd.
841 2192 880 2221 25
904 2183 1036 2212 Vertam
1056 2182 1238 2222 Wesenbasg
1365 2183 1550 2213 Menturnis

267 2222 351 2252 codd.
374 2235 380 2252 :
405 2223 501 2253 Mint-
527 2224 624 2263 vulg..
651 2225 685 2262 ςῙῗ
713 2224 787 2255 adn.
813 2224 859 2254 ad
878 2235 907 2255 v.
939 2234 964 2254 1.
992 2234 1010 2262 5
1097 2235 1136 2263 27
1160 2225 1270 2255 Attice
1293 2230 1359 2255 tota
1380 2230 1489 2256 mente
1510 2225 1548 2255 I:

269 2269 443 2295 ΛΠΙΕΕΤΟ
460 2271 568 2295 tamen
586 2271 618 2295 te
635 2266 675 2295 M
873 2281 884 2289 v
