1590 2730
498 137 607 172 EPP.
637 137 712 172 AD
742 138 992 176 ATTICVM
1258 141 1348 176 XII.
1380 140 1532 176 xxxvii

105 242 366 291 propinquitas
383 250 573 291 praeterea
589 242 653 279 ubi
670 242 729 288 sis,
746 256 793 280 ne
810 251 930 280 totum
948 244 1048 281 diem
1066 245 1103 282 in
1121 247 1256 284 villam.
1300 249 1387 294 Qua

105 319 143 343 re
170 313 258 343 ante
287 319 401 354 quam
431 297 606 350 discedis,
633 307 842 351 Othonem,
863 306 891 343 si
923 309 1070 344 Romae
1095 316 1160 354 est,
1183 310 1387 347 convenias

104 369 294 418 pervelim.
352 368 390 405 Si
416 367 509 404 nihil
541 368 620 413 erit,
650 367 720 405 etsi
749 375 789 404 tu
818 381 941 405 meam
970 370 1166 407 stultitiam
1196 373 1387 409 consuesti

104 433 207 478 ferre,
242 444 288 469 eo
318 439 446 468 tamen
479 430 695 479 progrediar
721 430 775 467 uti
805 433 1051 469 stomachere.
1111 435 1256 471 Drusus
1285 435 1386 472 enim

68 508 84 537 5
104 502 204 532 certe
223 495 388 531 vendere
407 495 495 530 vult.
554 493 592 531 Si
621 506 709 542 ergo
734 493 838 530 aliud
864 507 941 530 non
968 495 1049 541 erit)
1070 509 1154 533 mea
1180 497 1247 533 erit
1276 499 1387 546 culpa

103 557 175 594 nisi
205 570 342 594 emero.
401 558 489 604 Qua
511 556 549 593 in
577 569 616 593 re
646 569 694 594 ne
720 557 832 602 labar,
859 570 1013 605 quaeso,
1039 559 1205 606 provide.
1264 560 1387 597 Provi-

103 622 220 659 dendi
248 629 374 659 autern
396 635 471 658 una
490 621 584 659 ratio
604 628 660 659 est
683 621 712 658 si
739 621 831 670 quid
853 623 900 659 de
921 624 1142 672 Scapulanis
1171 637 1383 672 possumus.

104 686 153 721 Et
181 684 293 721 velim
323 698 384 721 me
412 684 609 722 certiorem
638 684 753 721 facias
779 698 893 733 quam
923 685 988 723 diu
1019 686 1057 722 in
1087 687 1306 723 suburbano
1338 686 1386 723 sis

103 748 258 784 futurus.

50 822 86 843 10
155 811 271 858 Apud
291 809 508 847 Terentiam
529 816 605 846 tam
625 809 742 858 gratia
767 823 862 857 opus
892 818 947 847 est
977 811 1087 847 nobis
1108 819 1170 848 tua
1191 825 1305 859 quam
1325 825 1386 848 au-
1405 823 1428 858 3

103 872 284 909 ctoritate.
342 873 418 909 Sed
438 872 551 909 facies
571 879 611 909 ut
631 872 830 910 videbitur.
887 873 974 910 Scio
1005 874 1106 911 enim
1132 874 1160 910 si
1185 874 1277 922 quid
1302 887 1387 911 mea

102 934 247 972 intersit
266 935 333 972 tibi
355 936 485 972 maiori
505 949 616 973 curae
636 937 756 974 solere
776 949 858 974 esse
878 950 991 985 quam
1013 937 1115 974 mihi.

144 1039 360 1073 XXXVII
374 1050 397 1072 a
439 1041 507 1073 Ser.
524 1042 910 1094 Asturae1’1'1‘N0113Mai.
928 1054 955 1073 (ι.
977 1052 1032 1083 709
1053 1043 1130 1082 (45).

495 1117 660 1147 CICERO
691 1117 865 1147 ATTICO
896 1117 998 1148 SAL.

51 1196 85 1227 ¹5
160 1186 309 1224 Hirtius
328 1188 377 1224 ad
398 1200 459 1224 me
483 1187 630 1236 scripsit
654 1189 736 1224 Sex.
760 1187 987 1236 Pompeium
1009 1188 1191 1226 Corduba
1212 1187 1330 1225 exisse
1350 1195 1387 1225 et
1408 1191 1455 1231 (4)

104 1249 243 1298 fugisse
277 1249 316 1286 in
356 1249 584 1298 Hispaniam
617 1249 840 1296 citeriorem,
877 1251 1051 1287 Gnaeum
1086 1251 1224 1299 fugisse
1258 1250 1387 1287 nescio

103 1326 203 1361 quo3
243 1325 368 1361 neque
400 1312 502 1349 enim
536 1326 637 1349 curo.
697 1312 803 1349 Nihil
842 1320 1033 1361 praeterea
1070 1313 1169 1350 novi.
1229 1314 1388 1350 Litteras

104 1376 286 1413 Narbone
314 1375 420 1413 dedit
448 1387 539 1411 X1111
564 1377 647 1412 Kal.
673 1375 805 1412 Maias.
863 1377 923 1413 Tu
953 1376 1046 1412 mihi
1070 1378 1118 1414 de
1143 1376 1279 1414 Canini
1300 1390 1389 1413 nau-

103 1438 220 1487 fragio
246 1439 352 1487 quasi
379 1438 497 1476 dubia
521 1438 663 1475 misisti.
722 1438 870 1476 Scribes
900 1438 1010 1487 igitur
1038 1439 1067 1475 si
1098 1439 1190 1487 quid
1218 1439 1285 1476 erit
1315 1452 1389 1476 cer-

48 1516 87 1537 20
105 1502 188 1539 tius.
229 1503 345 1549 Quod
367 1515 427 1539 me
446 1515 468 1538 a
488 1501 675 1538 maestitia
693 1514 843 1547 avocas,
864 1503 1024 1538 multum
1046 1502 1178 1539 levaris
1205 1502 1233 1538 si
1263 1504 1387 1539 locum

105 1566 194 1602 fano
213 1565 373 1602 dederis.
430 1566 554 1601 Multa
574 1564 666 1601 mihi
688 1567 734 1603 εἷς
754 1565 955 1602 ἀποθέωσιν
974 1564 1011 1601 in
1033 1573 1199 1602 mentem
1221 1565 1387 1611 veniunt,

105 1629 172 1665 sed
193 1630 279 1665 loco
299 1630 408 1665 valde
430 1641 525 1676 opus
546 1635 611 1665 est.
671 1629 758 1675 Qua
778 1641 816 1665 re
837 1628 949 1665 etiam
971 1628 1165 1665 Othonem
1187 1628 1282 1665 vide.

145 1735 384 1769 XXXVIII
407 1737 474 1768 Ser.
493 1738 634 1768 Asturae
645 1737 728 1777 prid.
747 1737 829 1767 Non.
849 1737 925 1767 Μαί.
946 1747 975 1767 a.
997 1746 1052 1775 709
1072 1737 1147 1776 (45).

493 1812 658 1842 CICERO
687 1811 864 1841 ATTICO
893 1810 996 1840 SAL.

51 1892 86 1922 25
158 1883 247 1919 Non
276 1881 412 1931 dubito
435 1881 527 1930 quin
556 1881 871 1930 occupatissimus
899 1880 1011 1917 fueris
1035 1880 1099 1928 qui
1128 1881 1177 1917 ad
1207 1893 1267 1916 me
1296 1879 1388 1916 nihil
1415 1886 1431 1911 Ι

105 1945 338 1991 litterarum3
384 1945 450 1982 sed
498 1945 615 1981 homo
662 1957 826 1991 nequam
875 1943 939 1991 qui
986 1950 1093 1979 tuum
1140 1943 1388 1979 commodum

150 2055 163 2074 1
189 2046 241 2075 ubi
259 2046 303 2075 sis
319 2044 403 2075 codd.
423 2044 521 2074 Reid:
546 2045 636 2074 urbis
652 2044 701 2074 Fr.
715 2043 877 2073 Schmidt:
904 2043 989 2073 utilis
1006 2043 1081 2072 coni.
1102 2043 1182 2072 Boot
1266 2043 1298 2072 in
1316 2043 1391 2073 villa

106 2088 199 2119 Man.
217 2099 222 2117 z
239 2089 280 2118 ad
291 2088 396 2117 villam
408 2088 482 2117 coni.
499 2087 618 2116 Mieller
702 2098 718 2124 4
738 2087 784 2115 uti
796 2086 1002 2116 stomachere
1012 2096 1040 2115 v.
1054 2095 1076 2114 c.
1090 2084 1116 2112 L
1130 2086 1262 2124 (ηανξ.)
1277 2080 1318 2113 Z¹'
1332 2096 1338 2113 :
1357 2090 1390 2114 ut

106 2130 140 2159 in
154 2130 370 2160 istomachere
382 2128 437 2163 M:
461 2134 495 2158 ut
507 2129 548 2158 mi
562 2129 767 2158 stomachere
777 2128 845 2157 edd.
861 2138 923 2157 non
942 2127 1023 2156 nulli
1106 2137 1124 2165 5
1150 2137 1214 2156 non
1233 2127 1303 2165 crit,
1319 2137 1390 2157 mea

109 2172 275 2202 Graevius:
291 2172 362 2209 erit,
378 2181 443 2200 non
455 2181 527 2200 mea
538 2170 755 2200 MLelmtcmn
823 2179 860 2199 10
876 2175 939 2199 tam
951 2170 1047 2199 Boot:
1064 2174 1118 2199 tua
1129 2168 1200 2199 add.
1217 2169 1242 2197 L
1255 2170 1390 2209 (marg)

107 2219 162 2243 tua
178 2213 288 2253 quam]
307 2218 427 2252 tuaque
443 2213 557 2243 Lamb.
577 2225 583 2243 :
606 2218 661 2243 tua
678 2218 798 2250 tuaque
815 2207 857 2242 Zb
1031 2221 1066 2249 13
1090 2215 1256 2251 eptstulam
1274 2221 1390 2240 novam

106 2255 212 2295 incijn't
226 2255 370 2286 Schmidt
468 2265 506 2293 19
530 2255 661 2285 Scribes
682 2254 796 2284 Orelli:
826 2254 948 2283 scribas
972 2253 1055 2284 codd.
1145 2263 1186 2283 20
1210 2254 1327 2282 levaris
1344 2252 1370 2282 C
1386 2264 1392 2282 z

107 2308 168 2327 om.
186 2298 227 2327 M
351 2307 391 2326 22
414 2302 512 2335 atque
528 2297 626 2327 etiam
637 2300 711 2337 post
726 2296 822 2326 etiam
840 2295 913 2326 add.
933 2294 1020 2325 Koclz

148 2349 210 2370 c1c.
227 2349 273 2369 AD
289 2349 359 2370 ATT.
1265 2336 1307 2366 28
