1690 2710
552 103 660 138 EPP.
691 103 767 138 AD
796 102 1047 141 ATTICVM
1331 104 1414 140 XV.
1437 102 1483 139 xi

157 208 365 256 Quomque
383 207 572 257 ingressus
592 221 714 245 essem
738 207 865 246 dicere
885 207 978 257 quid
998 208 1237 257 oportuisset,
1259 222 1330 247 nec
1350 221 1438 247 vero

155 269 362 319 quicquam
382 270 470 309 novi
490 271 559 309 sed
578 284 623 308 ea
643 284 740 319 quae
760 270 901 309 cotidie
925 285 1069 318 omnes,
1092 285 1164 310 nec
1184 280 1312 309 tamen
1332 271 1439 309 illum

155 333 283 370 locum
319 333 552 383 attingerem,
589 344 822 382 quemquam
856 343 1049 383 praeterea
1079 334 1291 383 oportuisse
1324 333 1436 383 tangi,

155 397 223 433 sed
243 404 416 434 senatum
436 395 571 443 vocari,
594 398 780 445 populum
807 398 1005 435 ardentem
1030 397 1157 435 studio
1177 397 1440 435 vehementius

118 473 136 504 5
155 458 311 504 incitari,
331 466 449 496 totam
469 458 609 507 suscipi
629 472 708 496 rem
724 458 928 508 publicam,
947 461 1132 497 exclamat
1152 467 1216 497 tua
1235 459 1438 505 familiaris,

159 523 273 559 ‘Hoc
292 535 380 560 vero
400 522 594 560 neminem
614 535 797 571 umquam
818 523 945 560 audivi
962 525 989 559 1²
1045 524 1128 572 Ego
1148 523 1315 572 repressi.
1365 523 1441 561 Sed

155 591 194 622 et
221 585 374 624 Cassius
395 584 487 622 mihi
507 584 707 623 videbatur
727 585 845 622 iturus
866 585 1023 630 <etenim
1053 585 1207 623 Servilia
1234 585 1440 634 polliceba-

156 654 215 685 tur
242 661 282 685 se
310 654 524 684 curaturam
552 654 594 685 ut
620 647 682 685 illa
711 648 889 685 frumenti
919 647 1063 685 curatio
1092 649 1140 686 de
1168 655 1321 685 senatus
1350 661 1441 685 con-

154 711 254 748 sulto
287 709 504 760 tolleretur),
537 718 574 748 et
604 718 733 749 noster
763 711 839 748 cito
869 710 1039 749 deiectus
1072 718 1128 749 est
1161 712 1210 749 de
1242 711 1307 749 illo
1337 711 1441 749 inani

99 787 137 810 ιο
154 786 330 811 sermone
373 774 493 812 †velle
530 778 636 812 esse†
673 773 826 811 dixerat.
903 773 1111 812 Constituit
1144 773 1254 822 igitur
1286 781 1327 811 ut
1360 773 1441 812 ludi

153 836 311 874 absente
339 849 379 874 se
409 837 541 874 fierent
574 850 644 875 suo
677 837 843 875 nomine.
902 837 1094 875 Proficisci
1123 845 1251 875 autem
1280 837 1372 874 mihi
1401 837 1440 874 in

154 899 284 936 Asiam
305 899 504 937 videbatur
523 901 571 938 ab
593 900 710 938 Antio
731 902 836 938 velle.
896 902 956 938 Ne
976 902 1104 946 multa,
1123 900 1216 937 nihil
1237 913 1297 937 me
1318 900 1356 937 in
1376 900 1440 938 illo
1459 908 1483 945 3

154 962 287 1000 itinere
315 971 462 1012 praeter
490 963 765 1001 conscientiam
795 977 919 1002 meam
949 964 1159 1002 delectavit.
1218 965 1309 1001 Non
1338 963 1440 1002 enim

154 1027 223 1063 fuit
252 1027 573 1065 committendum
600 1034 641 1064 ut
664 1027 726 1065 ille
752 1041 797 1065 ex
822 1027 932 1065 Italia
952 1027 1054 1077 prius
1078 1040 1193 1076 quam
1217 1040 1239 1064 a
1265 1040 1326 1065 me
1355 1040 1442 1065 con-

100 1100 136 1133 15
154 1097 288 1127 ventus
309 1098 407 1128 esset
427 1090 650 1128 discederet.
702 1093 792 1128 Hoc
813 1092 971 1140 dempto
992 1104 1148 1128 munere
1167 1090 1306 1128 amoris
1325 1097 1441 1139 atque

153 1153 254 1191 offici
274 1154 512 1202 sequebatur,
536 1161 577 1190 ut
596 1167 748 1191 mecum
768 1153 860 1202 ipse,

336 1216 383 1254 ‘H
411 1218 502 1266 δεῦρ’
531 1218 609 1257 ὁδός
637 1235 698 1255 σοι
724 1219 761 1254 τί
786 1219 929 1255 δύναται
957 1221 1028 1263 νῦν,
1058 1218 1259 1267 θεοπρόπε;

155 1282 311 1318 Prorsus
332 1280 559 1318 dissolutum
580 1280 723 1318 offendi
752 1280 943 1330 navigium
963 1282 1021 1318 vel
1051 1280 1177 1329 potius
1202 1279 1437 1330 dissipatum.

156 1343 261 1381 Nihil
291 1343 460 1389 consilio,
496 1343 589 1380 nihil
618 1343 773 1389 ratione,
805 1343 899 1380 nihil
927 1343 1070 1381 ordine.
1130 1345 1265 1392 Itaque
1294 1343 1362 1381 etsi
1391 1357 1440 1381 ne

99 1418 139 1440 20
155 1414 268 1444 antea
295 1406 451 1455 quidem
480 1406 661 1451 dubitavi,
685 1414 813 1444 tamen
833 1419 936 1444 nunc
957 1419 1002 1444 eo
1024 1406 1148 1444 minus
1174 1408 1323 1444 evolare
1351 1406 1440 1444 hinc

155 1469 271 1519 idque
304 1483 419 1518 quarn
452 1469 628 1519 primum,
664 1469 751 1507 ‘ubi
785 1483 856 1507 nec
891 1469 1160 1519 Pelopidarum
1190 1471 1288 1508 facta
1316 1483 1441 1519 neque

155 1535 294 1570 famam
314 1523 492 1571 audiam.’

208 1598 258 1634 Et
277 1597 370 1634 heus
391 1604 431 1633 tu
449 1599 454 1633 1
484 1609 532 1634 ne
551 1597 647 1634 forte
667 1596 716 1634 sis
737 1596 897 1641 nescius,
916 1597 1116 1634 Dolabella
1133 1610 1193 1634 me
1213 1596 1285 1633 sibi
1304 1596 1440 1646 legavit
1458 1609 1484 1645 4

154 1672 186 1697 a.
221 1661 257 1697 d.
295 1672 338 1697 111
378 1661 521 1698 Nonas.
600 1661 647 1698 Id
686 1660 778 1698 mihi
817 1660 896 1698 heri
933 1660 1079 1709 vesperi
1116 1660 1333 1698 nuntiatum
1371 1669 1437 1699 est.

99 1734 136 1765 25
155 1722 294 1760 Votiva
325 1737 373 1760 ne
407 1723 475 1761 tibi
508 1723 664 1772 quidem
698 1724 897 1772 placebat,
936 1723 1076 1761 etenim
1107 1732 1186 1762 erat
1217 1724 1437 1771 absurdum,

155 1799 252 1835 quae
285 1786 315 1823 si
347 1786 510 1825 stetisset
543 1800 600 1824 res
630 1787 783 1836 publica
816 1787 1014 1832 vovissem,
1044 1798 1088 1824 ea
1122 1801 1182 1825 me
1220 1801 1348 1826 eversa
1377 1788 1440 1826 illa

154 1857 242 1887 vota
269 1849 486 1887 dissolvere.
536 1846 595 1887 'Et
623 1851 777 1895 habent,
800 1850 947 1899 opinor,
974 1850 1113 1888 liberae
1142 1850 1348 1899 legationes
1376 1852 1439 1889 de-

155 1912 303 1950 finitum
337 1920 487 1963 tempus
517 1914 599 1962 lege
638 1913 736 1951 Iulia
774 1927 844 1951 nec
878 1914 987 1951 facile
1017 1914 1107 1951 addi
1138 1921 1272 1962 potest.
1330 1917 1438 1953 Aveo

154 1989 272 2024 genus
301 1976 499 2025 legationis
529 1984 580 2023 ut,
607 1991 694 2014 cum
724 1977 825 2023 velis,
853 1977 1006 2015 introire
1038 1977 1137 2015 exire
1165 1977 1300 2025 liceat,
1333 1978 1438 2027 quod

196 2089 215 2117 5
239 2079 375 2110 incitare
391 2074 444 2109 ΖΜ
459 2091 486 2111 v.
503 2090 527 2110 c.
549 2080 576 2110 L
596 2081 732 2120 (marg.)
787 2081 907 2119 suscipi
928 2079 1044 2110 Orelli:
1068 2081 1236 2119 suscipere
1251 2079 1336 2111 codd.
1419 2082 1439 2111 6

144 2120 223 2159 fort.
249 2121 318 2159 Ego
335 2132 386 2152 me
403 2123 544 2161 repressi
691 2133 711 2161 9
734 2128 846 2153 noster
862 2121 913 2152 Ml
929 2134 935 2153 :
964 2127 1076 2153 noster
1093 2123 1216 2152 Brutus
1233 2119 1440 2153 ZtEORM²s

158 2173 195 2193 10
217 2174 370 2194 sermone
389 2174 424 2195 se
441 2166 567 2195 Romae
586 2164 670 2195 velle
694 2175 768 2195 esse
791 2165 894 2196 Boot:
916 2175 1069 2195 sermone
1092 2165 1144 2195 vel
1165 2165 1269 2195 solum
1295 2166 1366 2205 (aut
1387 2166 1439 2196 vel

155 2215 226 2236 cum
243 2207 357 2237 mortis
370 2208 514 2245 periculo
527 2217 563 2237 se
577 2207 718 2246 Romae)
735 2208 820 2238 velle
836 2217 909 2238 esse
926 2206 1097 2238 Lehmann
1242 2218 1275 2246 17
1301 2208 1354 2237 νῦν
1369 2209 1434 2239 secl.

157 2248 247 2278 Cobet
391 2259 431 2288 23
456 2249 496 2279 Et
519 2249 602 2280 codd.
622 2250 658 2289 cf.
679 2251 718 2280 vi.
739 2259 764 2280 1.
785 2259 848 2286 25:
873 2250 938 2280 Sed
955 2251 1038 2290 vulg.
1191 2260 1230 2288 24
1253 2259 1292 2279 111
1316 2260 1344 2280 v.
1363 2261 1384 2280 c.
1408 2250 1436 2280 L

157 2291 292 2330 (marg.)
308 2291 421 2322 ORP:
452 2292 493 2321 ivi
512 2290 561 2320 M1
577 2303 584 2322 t
607 2301 660 2321 1¹11
677 2292 726 2321 Μ2
786 2292 897 2321 Nonas
914 2291 1098 2331 Malaspina
1119 2303 1126 2322 z
1150 2291 1233 2323 Non.
1252 2292 1384 2330 Apriles
1401 2292 1441 2323 M

154 2342 194 2371 27
219 2333 267 2363 dis
284 2333 412 2363 solvere
428 2335 507 2363 Pius
627 2335 668 2364 28
691 2334 782 2365 Aveo
797 2334 859 2365 Iac.
878 2334 1073 2365 Gronovius:
1098 2336 1181 2365 adeo
1197 2329 1292 2364 MZM
1309 2346 1316 2365 ι
1338 2334 1436 2374 idque

155 2376 238 2406 adeo
255 2370 297 2404 Zb
311 2387 317 2406 :
340 2376 423 2407 obeo
440 2376 522 2406 Reid
