1690 2710
161 132 267 167 XVI.
291 141 320 166 v
636 131 689 167 M.
720 131 882 167 TVLLI
913 129 1209 169 CICERONIS

280 245 562 287 exspectantem
584 238 694 287 siqui
715 239 809 276 forte
825 251 943 276 casus.
985 240 1120 287 Itaque
1136 237 1271 276 dubito
1291 252 1339 276 an
1352 237 1560 276 Venusiam

279 303 435 339 tendam
472 309 509 339 et
547 301 599 339 ibi
636 309 852 351 exspectem
889 303 938 339 de
971 301 1194 350 legionibus.
1252 301 1290 339 Si
1319 302 1489 347 aberunt,
1521 308 1563 340 ut

279 364 436 414 quidam
464 364 700 410 arbitrantur,
734 366 993 412 Hydruntem,
1020 364 1051 402 si
1082 372 1257 402 neutrum
1288 364 1356 402 erit
1385 367 1561 412 ἀσφαλές,

280 429 418 465 eodem
452 435 622 465 revertar.
682 427 803 465 Iocari
835 440 896 464 me
929 429 1068 476 putas?
1124 426 1266 464 Moriar
1299 426 1329 464 si
1362 427 1563 476 quisquam

281 503 342 528 me
369 497 471 528 tenet
501 497 646 538 praeter
674 497 721 527 te.
780 489 932 527 Etenim
960 489 1220 538 circumspice,
1240 491 1307 527 sed
1335 497 1423 528 ante
1449 503 1563 539 quam
1583 505 1599 535 5

236 568 262 604 4
282 554 476 591 erubesco.
535 555 570 590 O
599 553 680 590 dics
710 553 747 590 in
775 552 953 601 auspiciis
983 553 1119 601 Lepidi
1147 554 1260 600 lepide
1289 553 1498 602 descriptos
1527 562 1564 592 et

281 624 369 664 apte
401 617 451 653 ad
481 616 682 654 consilium
716 615 858 653 reditus
889 615 1029 653 nostri!
1100 617 1242 664 Magna
1273 616 1366 664 ῥοπὴ
1398 617 1446 654 ad
1483 630 1565 665 pro·
1630 623 1633 624 ’

280 679 529 716 ficiseendum
549 681 589 716 in
609 679 683 717 tuis
702 679 844 716 litteris.
902 681 1030 727 Atque
1049 678 1194 716 utinam
1219 686 1255 717 te
1275 678 1349 717 illic
1366 683 1372 717 !
1428 680 1504 717 Sed
1524 687 1564 718 ut

281 743 496 780 conducere
516 742 678 791 putabis.

239 812 262 849 5
334 805 496 853 Nepotis
537 804 738 853 epistulam
782 811 970 852 exspecto.
1046 805 1220 853 Cupidus
1258 805 1320 842 ille
1363 806 1621 843 meorum'?10

280 866 345 916 qui
375 880 419 904 ea
449 867 587 916 quibus
617 867 779 904 maxime
798 871 930 919 γαυριῶ
958 869 1119 916 legenda
1151 881 1229 905 non
1257 875 1374 916 putet.
1433 870 1482 905 Et
1509 868 1563 906 ais

254 926 380 979 ’(μετ’
408 932 614 979 ἀμύμονα’1
674 932 734 967 Tu
764 943 853 968 vero
887 932 1044 979 ἀμύμων,
1075 930 1137 968 ille
1174 930 1330 979 quidem
1368 931 1560 979 ἄμβροτος.

280 994 453 1030 Mearum
483 992 729 1042 epistularum
764 994 867 1030 nulla
899 1000 956 1031 est
984 995 1201 1044 συναγωγῆς
1233 994 1300 1030 sed
1329 993 1444 1030 habet
1472 993 1563 1030 Tiro

278 1056 396 1093 instar
415 1056 663 1105 septuaginta,
686 1063 722 1093 et
742 1055 900 1104 quidem
920 1063 1007 1093 sunt
1027 1070 1049 1094 a
1069 1064 1104 1094 te
1124 1057 1313 1104 quaedam
1340 1057 1560 1093 sumendae.

280 1120 353 1156 Eas
400 1132 471 1168 ego
518 1126 668 1168 oportet
718 1118 955 1168 perspiciam,
999 1119 1209 1169 corrigam3
1265 1126 1344 1156 tum
1396 1118 1563 1168 denique
1584 1133 1620 1163 15

277 1183 447 1219 edentur.

318 1287 383 1321 VI
589 1289 707 1320 Scr..V
705 1289 792 1320 ibone
807 1290 863 1320 viii
876 1289 917 1320 K.
939 1289 1024 1320 δαὶ-Ι.
1043 1300 1073 1320 α.
1095 1299 1150 1328 710
1166 1290 1251 1330 (44).

673 1363 839 1395 CICERO
861 1363 1036 1394 ATTICO
1058 1363 1161 1395 SAL.

242 1450 258 1476 1
330 1436 414 1483 Ego
445 1435 573 1472 adhuc
604 1434 773 1483 (perveni
806 1434 908 1472 enim
939 1434 1131 1472 Vibonem
1165 1435 1214 1472 ad
1248 1433 1412 1483 Siccam)
1444 1433 1562 1482 magis

275 1497 483 1535 commode
515 1510 629 1545 quam
668 1504 819 1534 strenue
856 1496 1051 1545 navigavi3
1096 1497 1208 1534 remis
1245 1496 1347 1534 enim
1385 1510 1561 1545 magnam
1583 1512 1620 1532 20

275 1568 436 1609 partem,
463 1559 657 1610 prodromi
686 1559 788 1597 nulli.
848 1561 947 1598 Illud
977 1560 1065 1597 satis
1095 1568 1319 1609 opportune,
1351 1562 1429 1597 duo
1458 1560 1561 1597 sinus

275 1624 429 1661 fuerunt
459 1636 555 1672 quos
586 1622 740 1660 tramitti
771 1630 970 1671 oporteret,
1006 1625 1213 1660 Paestanus
1247 1630 1283 1660 et
1317 1622 1559 1660 Vibonensis.

278 1688 492 1736 Vtrumque
529 1686 691 1735 pedibus
733 1685 865 1734 aequis
903 1685 1144 1723 tramisimus.
1218 1686 1317 1723 Veni
1362 1685 1472 1733 igitur
1511 1686 1561 1723 ad

276 1750 424 1788 Siccam
454 1757 589 1787 octavo
617 1748 679 1786 die
708 1762 728 1786 e
758 1749 1004 1797 Pompeiano,
1036 1762 1123 1786 cum
1152 1762 1271 1785 unum
1300 1748 1402 1786 diem
1429 1747 1560 1785 Veliae

274 1813 553 1858 constitissem3
586 1812 651 1849 ubi
678 1811 834 1860 quidem
864 1812 915 1849 fui
942 1825 1033 1849 sane
1060 1812 1221 1849 libenter
1243 1813 1345 1860 apud
1369 1812 1558 1848 Thalnam
1581 1825 1616 1857 ²5

274 1884 445 1914 nostrum
466 1889 536 1914 nec
556 1875 662 1924 potui
682 1875 814 1924 accipi,
837 1875 901 1913 illo
920 1876 1079 1913 absente
1106 1874 1334 1923 praesertim,
1358 1874 1556 1912 liberalius.

275 1951 362 1975 V1111
404 1940 487 1976 Kal.
528 1938 638 1987 igitur
673 1940 722 1975 ad
761 1938 919 1975 Siccam.
979 1938 1038 1975 Ibi
1077 1945 1271 1986 tamquam
1309 1938 1414 1975 domi
1452 1951 1559 1975 meae

274 2001 426 2039 scilicet.
485 2003 620 2050 Itaque
658 2000 801 2038 obduxi
839 2008 1032 2049 posterum
1070 2000 1182 2038 diem.
1251 2001 1327 2038 Sed
1364 2001 1556 2049 putabam,

273 2077 360 2101 cum
392 2064 554 2113 Regium
580 2064 780 2109 venissem,
812 2066 890 2101 fore
924 2071 963 2101 ut
994 2063 1069 2101 illic
1087 2055 1107 2083 ’ζ
1121 2064 1268 2114 δολιχὸν
1295 2066 1409 2102 πλόον
1437 2065 1560 2114 ὁρμαί-

273 2126 409 2164 ι»οντες’
455 2124 707 2173 cogitaremus
753 2124 949 2161 corbitane
990 2126 1118 2161 Patras
1163 2138 1211 2161 an
1253 2124 1468 2162 actuariolis
1508 2126 1558 2162 ad
1577 2136 1617 2166 30

315 2237 332 2263 4
353 2229 425 2264 post
448 2230 594 2255 revertar
616 2225 707 2254 lmhst
727 2230 771 2263 ep.
790 2225 841 2254 xii.
864 2236 883 2263 3
909 2225 1023 2254 ilerum
1041 2224 1080 2253 M
1107 2236 1170 2263 qua
1203 2225 1305 2255 multa
1335 2236 1398 2255 esse
1426 2225 1557 2265 expulsa

269 2272 363 2306 palat
378 2268 460 2297 Rcz'd
579 2277 597 2305 5
620 2278 714 2305 quam
734 2267 874 2297 CORP:
898 2278 960 2297 om.
980 2272 1007 2296 Δ
1113 2268 1133 2296 6
1157 2268 1266 2306 lepide
1282 2267 1353 2297 add.
1371 2268 1556 2307 Malaspina

274 2311 300 2339 L
319 2310 454 2349 (marg.)
543 2310 718 2348 discriptos
735 2309 819 2339 Reid
930 2311 949 2339 8
973 2310 1003 2338 in
1021 2308 1093 2339 add.
1116 2309 1214 2339 Orelli
1326 2320 1363 2347 19
1385 2310 1425 2339 ad
1443 2309 1530 2340 Crat.
1548 2321 1554 2339 :

274 2357 305 2382 ct
323 2351 362 2381 M
501 2362 540 2389 23
564 2353 676 2390 aequis
693 2351 900 2382 Salmasius:
925 2352 1018 2389 equis
1034 2350 1074 2380 M
1211 2360 1249 2389 25
1273 2351 1430 2382 Thalnam
1446 2352 1530 2392 vulg.
1548 2363 1555 2383 :

273 2395 429 2423 Talanam
447 2394 493 2432 M,
512 2394 546 2432 cf
566 2394 610 2423 ad
624 2395 641 2423 i.
664 2395 708 2423 16.
725 2395 745 2423 6
