1590 2730
76 503 92 533 5

64 943 98 963 10

62 1256 96 1287 15

61 1701 99 1721 20

64 2013 101 2044 25

507 130 616 166 EPP.
646 129 722 164 AD
749 128 1000 166 ATTICVM
1300 127 1393 163 XII.
1414 125 1505 162 xliv

166 239 248 286 Ego
268 236 329 273 hic
355 237 433 274 duo
457 247 594 283 magna
611 235 847 284 συντάγματα
870 233 1040 279 absolvi3
1068 235 1173 271 nullo
1197 232 1298 271 enim
1321 233 1396 271 alio
1413 242 1439 278 4

114 301 231 337 modo
250 313 272 336 a
292 298 440 336 miseria
460 297 567 346 quasi
595 298 766 335 aberrare
792 310 959 345 possum.
1016 299 1077 334 Tu
1098 296 1201 342 mihi,
1224 296 1337 334 etiam
1367 296 1396 333 si
1415 286 1497 324 (xw
1513 283 1543 323 ¹)

113 362 207 400 nihil
227 361 294 399 erit
315 362 419 410 quod
435 360 586 405 scribas,
609 361 714 408 quod
739 361 818 397 fore
844 359 895 396 ita
914 359 1037 405 video,
1060 367 1187 396 tamen
1208 359 1247 396 id
1274 359 1397 407 ipsum

114 425 255 462 scribas
275 424 387 461 velim
416 431 453 461 te
481 422 575 460 nihil
605 422 783 460 habuisse
811 423 916 471 quod
945 423 1140 469 scriberes,
1160 423 1253 460 dum
1283 423 1399 460 modo

115 501 162 525 ne
182 487 240 525 his
259 487 394 525 verbis.

157 627 275 662 XLV
376 629 442 661 Scr.
463 631 495 660 in
517 629 698 660 Tusculano
713 630 768 660 xvi
781 630 823 659 K.
844 629 917 659 Ilm.
934 640 964 659 a.
988 639 1044 669 709
1060 630 1138 669 (45).

508 714 674 744 CICERO
703 713 878 744 ATTICO
908 713 1012 744 SAL.

170 805 229 840 De
259 802 388 840 Attica
419 801 574 851 optime.
630 800 779 849 Ἀκηδία
811 807 875 838 tua
906 814 966 838 me
998 807 1135 845 movet,
1169 799 1238 837 etsi
1271 800 1402 838 scribis
1423 806 1471 847 (2)
1496 808 1512 834 1

116 866 209 904 nihil
256 880 348 904 esse.
418 868 463 903 In
501 867 722 902 Tusculano
759 878 805 902 eo
843 864 1085 902 commodius
1123 877 1186 901 ero
1224 865 1328 912 quod
1366 871 1403 901 et

116 929 281 967 crebrius
308 937 390 966 tuas
419 929 559 966 litteras
586 928 772 977 accipiam
801 935 838 965 et
866 935 903 965 te
932 928 1056 977 ipsum
1085 941 1164 965 non
1192 941 1402 976 numquam

116 992 255 1030 videbo
270 1006 280 1038 3
307 1005 395 1029 nam
416 991 609 1040 ceteroqui
630 993 839 1040 ἀνεκτότερα
858 999 964 1028 erant
984 993 1155 1028 Asturae.
1205 992 1287 1028 Nec
1308 992 1401 1028 hacc

116 1069 213 1104 quae
242 1055 415 1093 refricant
444 1055 505 1092 hic
534 1069 595 1093 me
624 1055 742 1104 magis
770 1062 914 1104 angunt
929 1069 939 1101 3
969 1054 1038 1092 etsi
1066 1062 1205 1099 tamen,
1231 1053 1402 1091 ubicum-

116 1132 191 1167 que
218 1132 313 1164 sum,
336 1118 398 1155 illa
424 1126 511 1155 sunt
540 1132 701 1156 mecum.
760 1120 820 1156 De
847 1119 1009 1156 Caesare
1029 1117 1155 1155 vicino
1180 1117 1399 1166 scripseram
1421 1121 1470 1159 t3)
1495 1125 1518 1152 2

115 1183 165 1220 ad
185 1189 231 1227 te,
254 1182 344 1230 quia
362 1195 565 1230 cognoram
588 1196 633 1219 ex
652 1181 726 1219 tuis
751 1181 893 1219 litteris.
938 1172 1052 1218 'Eum
1080 1183 1233 1219 σύνναον
1253 1179 1403 1228 Quirini

117 1247 218 1281 malo
238 1258 350 1293 quam
379 1244 526 1281 Salutis.
584 1246 645 1281 Tu
665 1258 753 1282 vero
779 1246 958 1293 pervulga
988 1244 1168 1281 Hirtium.
1228 1245 1274 1292 Id
1301 1242 1403 1280 enim

117 1307 242 1356 ipsum
262 1315 434 1356 putaram
456 1309 561 1355 quod
593 1307 736 1353 scribis,
759 1315 800 1344 ut
821 1321 908 1345 cum
930 1307 1126 1356 ingenium
1149 1306 1262 1344 amici
1283 1305 1402 1344 nostri

117 1371 347 1419 probaretur,
370 1371 539 1411 ὑπόθεσις
558 1370 797 1420 vituperandi
819 1370 977 1409 Catonis
997 1370 1230 1408 inrideretur.

158 1511 300 1545 XLVI
450 1514 520 1544 Ser.
538 1514 678 1544 Asturae
692 1515 738 1545 Id.
760 1514 839 1544 Mat.
858 1525 887 1544 a.
908 1524 965 1554 709
984 1516 1062 1553 (45).

511 1601 676 1636 CICAERO
704 1601 732 1629 A
744 1601 878 1630 TTJCO
906 1599 1006 1631 SAL.

168 1685 343 1732 Vincam,
373 1685 518 1734 opinor,
549 1685 719 1722 animum
749 1693 785 1722 et
815 1686 987 1723 Lanuvio
1015 1699 1168 1735 pergam
1197 1685 1235 1723 in
1259 1688 1402 1724 Tuscu·
1420 1698 1436 1723 Ι

117 1749 256 1785 lanum.
314 1750 391 1785 Aut
412 1748 512 1785 enim
539 1748 631 1785 mihi
652 1748 690 1785 in
719 1755 944 1797 perpetuum
964 1750 1085 1786 fundo
1111 1749 1176 1786 illo
1196 1749 1401 1786 carendum

117 1818 173 1849 est
194 1812 298 1861 (nam
328 1813 437 1848 dolor
464 1811 566 1848 idem
594 1811 774 1857 manebit,
793 1819 940 1848 tantum
971 1812 1088 1849 modo
1117 1811 1319 1860 occultius)
1339 1819 1404 1848 aut

118 1873 247 1911 nescio
267 1873 360 1922 quid
389 1873 534 1910 intersit
561 1881 686 1910 utrum
707 1873 796 1910 illuc
820 1887 922 1910 nunc
942 1873 1093 1911 veniam
1119 1887 1167 1911 an
1191 1875 1240 1912 ad
1269 1875 1401 1911 decem

119 1950 251 1974 annos.
310 1938 449 1985 Neque
482 1936 584 1973 enim
616 1935 686 1973 ista
720 1935 839 1973 maior
868 1936 1082 1974 admonitio
1113 1950 1228 1985 quam
1266 1936 1403 1984 quibus

120 1999 279 2037 adsidue
298 1999 480 2037 conficior
500 2006 537 2036 et
557 1998 637 2036 dies
664 2006 701 2036 et
721 2006 864 2036 noctes.
924 2002 932 2018 ‘
949 2000 1055 2047 Quid
1079 2012 1166 2048 ergo
1180 2001 1215 2036 ?’
1244 1999 1402 2047 inquies,

122 2062 239 2099 ‘nihil
258 2062 452 2100 litterae?'
483 2064 528 2099 In
555 2063 626 2099 hac
647 2062 803 2110 quidem
827 2076 865 2100 re
886 2076 1016 2100 vereor
1036 2076 1083 2100 ne
1110 2062 1223 2100 etiam
1251 2070 1382 2100 contra
1395 2077 1404 2109 3

163 2173 195 2192 11
221 2163 385 2201 ceteroqui
410 2161 468 2191 M:
506 2166 614 2192 cetera
640 2148 771 2200 quidem
803 2162 898 2192 Rom.
917 2162 937 2191 I
1125 2164 1194 2193 Nec
1226 2164 1285 2193 M:
1318 2173 1404 2193 nunc

118 2205 280 2234 Corradus
365 2205 446 2234 haec
465 2228 470 2234 .
492 2229 498 2235 .
516 2226 524 2234 .
540 2209 665 2242 angunt
689 2203 809 2233 Lucilso
831 2205 972 2233 attribuit
993 2205 1074 2235 Ellis
1206 2216 1240 2244 14
1266 2206 1404 2243 Quirino

118 2270 124 2277 .
147 2270 154 2276 .
172 2270 179 2277 .
200 2247 304 2277 Saluti
322 2242 365 2275 Zb
379 2257 408 2276 v.
427 2257 448 2276 c.
581 2256 616 2284 15
642 2246 802 2286 Hirtium]
823 2246 910 2276 Hirti
927 2247 1040 2276 librum
1077 2247 1261 2287 lVesenberg
1365 2257 1404 2277 22

116 2290 276 2319 occultius
293 2289 346 2319 Fr.
368 2287 413 2319 W.
434 2288 603 2318 Schmidt:
631 2289 734 2317 octius
751 2287 797 2327 M,
817 2288 851 2326 cs:
871 2294 947 2318 exto
959 2295 1020 2328 pro
1038 2290 1169 2319 exculto
1193 2290 1226 2329 (l.
1250 2300 1262 2319 1
1281 2290 1379 2328 z'ugsm‘*
1399 2300 1406 2319 τ

119 2332 243 2361 coctius
259 2332 335 2361 coni.
355 2331 474 2370 Tyrrell
