1690 2710
117 122 224 160 XVI.
243 132 303 159 xv
624 123 677 159 M.
709 123 872 160 TVLLI
902 123 1197 162 CICERONIS

264 232 530 279 ‘Quamquam
564 229 666 267 enim
695 233 883 278 †postea†
914 229 951 267 in
984 229 1195 279 praesentia
1226 231 1325 270 belle
1355 231 1424 270 iste
1454 245 1548 281 puer

260 294 427 331 retundit
464 293 692 339 Antonium,
729 300 856 330 tamen
898 292 1039 330 exitum
1082 300 1298 342 exspectare
1338 295 1548 332 debemus.'

260 357 311 392 At
331 369 428 404 quae
448 355 577 393 contio
594 358 600 393 1
629 368 718 392 113111
739 362 796 392 est
815 354 928 392 missa
947 355 1053 392 mihi.
1101 357 1204 392 Iurat
1223 355 1274 393 ita
1293 356 1365 393 sibi
1383 358 1548 406 parentis

260 418 424 456 honores
440 417 624 466 consequi
643 417 754 455 liceat
772 424 810 454 et
822 416 934 454 simul
950 419 1119 455 dextram
1135 417 1298 455 intendit
1309 419 1358 455 ad
1374 426 1548 457 statuam.

260 481 364 529 Μηδὲ
391 481 545 529 σωθείην
571 481 642 518 ὑπό
665 498 707 531 ’γε
733 481 915 518 τοιούτουέ
960 481 1048 526 Sed,
1068 488 1109 517 ut
1135 480 1275 525 scribis,
1298 481 1548 519 certissimum
1569 496 1585 526 5

259 556 342 581 esse
379 543 490 582 video
528 543 731 581 discrimen
770 544 915 582 Cascae
952 542 1069 580 nostri
1106 543 1351 589 tribunatum,
1386 545 1435 581 de
1472 557 1549 593 quo

260 605 416 654 quidem
437 606 519 655 ipso
540 606 616 643 dixi
634 606 773 654 Oppio,
788 619 877 643 cum
897 618 958 643 me
977 606 1188 643 hortaretur
1203 613 1244 643 ut
1263 607 1548 644 adulescentem

260 675 457 717 totamque
476 682 630 706 causam
651 682 885 717 manumque
904 675 1168 706 veteranorum
1188 670 1470 718 complecterer,
1487 684 1549 708 me

261 733 366 769 nullo
392 733 510 769 modo
531 733 652 769 facere
672 745 794 780 posse,
817 731 862 768 πί
876 731 970 768 1111111
989 733 1224 779 exploratum
1244 739 1342 768 esset
1362 745 1449 769 eum
1470 746 1548 770 non

261 796 378 832 modo
410 809 489 832 non
522 795 719 832 inimicum
753 795 1038 843 tyrannoctonis
1068 807 1198 831 verum
1235 794 1348 832 etiam
1381 795 1547 833 amicum
1568 807 1608 829 10

259 859 349 895 fore.
406 859 506 897 Cum
539 858 601 895 ille
633 858 776 895 diceret
809 857 860 894 ita
892 859 1071 903 futurum,
1099 857 1226 905 ‘Quid
1258 857 1369 906 igitur
1400 858 1549 896 festina-

260 922 393 959 mus?’
421 921 590 970 inquam.
649 920 731 958 ‘Illi
755 920 858 958 enim
884 934 968 958 mea
994 934 1109 970 opera
1133 928 1222 958 ante
1243 922 1328 958 Kal.
1352 923 1432 958 Ian.
1454 921 1549 959 nihil

260 997 357 1033 opus
386 992 453 1030 est,
478 998 548 1021 nos
581 992 709 1021 autem
741 983 821 1021 eius
848 985 1084 1021 voluntatem
1114 991 1202 1021 ante
1226 985 1319 1021 Idus
1345 985 1548 1022 Decembr.

260 1047 532 1096 perspiciemus
558 1047 597 1084 in
618 1048 762 1085 Casca?
816 1048 941 1084 Valde
968 1046 1061 1083 mihi
1086 1048 1270 1085 adsensus
1298 1054 1364 1084 est.
1422 1048 1550 1094 Quam

260 1112 313 1148 ob
332 1125 410 1149 rem
430 1113 524 1148 11366
544 1111 700 1160 quidem
720 1112 915 1148 hactenus.
973 1110 1091 1157 Quod
1114 1109 1301 1158 reliquum
1321 1119 1386 1155 est,
1410 1110 1550 1148 cotidie
1572 1123 1606 1154 15

261 1174 475 1211 tabellarios
505 1173 664 1211 habebis
695 1181 741 1219 et,
768 1180 810 1210 ut
837 1186 909 1222 ego
937 1173 1109 1220 arbitror,
1132 1172 1247 1210 6113111
1275 1174 1381 1222 quod
1409 1173 1550 1211 scribas

261 1237 421 1275 habebis
447 1237 599 1275 cotidie.
658 1238 801 1286 Leptae
827 1236 1035 1273 litterarum
1061 1238 1277 1285 exemplum
1301 1235 1370 1274 tibi
1393 1236 1479 1274 misi
1507 1250 1552 1274 ex

260 1313 339 1348 quo
367 1300 459 1336 mihi
489 1299 638 1337 videtur
663 1300 898 1348 στρατύλλαξ
924 1298 985 1336 1116
1012 1298 1184 1336 deiectus
1211 1300 1260 1336 de
1287 1300 1416 1348 gradu.
1475 1300 1550 1337 Sed

262 1370 314 1409 tu,
335 1377 422 1400 cum
442 1363 585 1412 legeris,
607 1362 848 1400 existimabis.

217 1434 244 1472 4
314 1426 525 1475 Obsignata
557 1426 632 1463 iam
663 1426 824 1474 epistula
854 1426 994 1463 litteras
1025 1439 1048 1463 a
1077 1433 1115 1463 te
1144 1433 1181 1462 et
1208 1438 1230 1462 a
1264 1427 1378 1462 Sexto
1406 1425 1546 1474 accepi.
1570 1439 1610 1461 20

262 1489 368 1526 Nihil
397 1489 599 1526 iucundius
628 1488 758 1526 litteris
789 1488 904 1534 Sexti,
934 1488 1029 1525 1111111
1061 1488 1270 1525 amabilius.
1329 1489 1430 1524 Nam
1463 1496 1550 1526 tuae

261 1553 403 1598 breves,
435 1552 576 1601 priores
607 1560 712 1589 erant
748 1550 923 1603 [litterae]
957 1552 1179 1589 uberrimae.
1237 1553 1298 1588 Tu
1328 1551 1484 1600 quidem
1513 1559 1550 1589 et

260 1617 465 1664 prudenter
490 1623 527 1652 et
555 1615 677 1652 amice
705 1616 841 1652 suades
868 1622 909 1652 ut
934 1614 973 1651 in
999 1614 1056 1651 his
1082 1614 1175 1651 locis
1198 1614 1438 1663 potissimum
1464 1614 1549 1661 sim,

262 1680 390 1727 quoad
409 1677 609 1716 audiamus
635 1679 729 1715 haec
749 1691 847 1726 quae
870 1685 1064 1714 commota
1087 1684 1174 1714 sunt
1194 1690 1353 1725 quorsus
1373 1679 1545 1714 evadant.

220 1749 243 1787 5
262 1743 337 1779 Sed
366 1755 436 1786 me,
463 1741 514 1778 mi
540 1741 677 1787 Attice,
702 1754 781 1778 non
811 1754 901 1778 sane
931 1742 1005 1778 hoc
1034 1740 1189 1789 quidem
1222 1747 1392 1788 tempore
1420 1747 1548 1777 movet
1568 1754 1606 1784 25

261 1818 319 1842 res
344 1804 506 1853 publica,
529 1817 607 1841 non
630 1817 708 1852 quo
736 1811 801 1841 aut
826 1803 873 1840 sit
892 1803 985 1840 mihi
1005 1803 1210 1852 quicquam
1237 1802 1357 1840 carius
1382 1810 1446 1839 aut
1466 1816 1548 1840 esse

260 1868 400 1905 debeat
420 1868 488 1904 sed
507 1866 715 1915 desperatis
737 1867 851 1904 etiam
874 1866 1131 1915 Hippocrates
1149 1873 1251 1903 vetat
1272 1866 1455 1903 adhibere
1475 1879 1550 1903 me-

260 1931 437 1969 dicinam.
479 1932 566 1978 Qua
581 1943 620 1967 re
633 1930 703 1967 ista
714 1932 888 1976 valeant,
911 1944 972 1967 me
987 1944 1044 1967 res
1060 1929 1250 1966 familiaris
1267 1937 1403 1966 movet.
1449 1930 1548 1966 Rem

260 1994 377 2032 dico?
402 1994 521 2031 immo
540 2006 629 2031 vero
649 1993 885 2031 existimatio.
939 1995 1038 2031 Cum
1059 1992 1161 2030 enim
1182 2000 1287 2029 tanta
1311 1992 1454 2041 reliqua
1474 1992 1548 2030 sint

261 2056 364 2103 mihi,
391 2070 439 2094 ne
462 2056 665 2094 Terentiae
688 2056 846 2105 quidem
872 2057 999 2092 adhuc
1027 2056 1133 2103 quod
1158 2056 1302 2092 solvam
1328 2055 1547 2104 expeditum
1566 2068 1606 2098 30

306 2169 318 2188 1
344 2163 452 2197 potest
480 2159 531 2197 (sc.
559 2158 731 2193 retundere)
757 2163 789 2187 et
814 2157 1007 2187 Gronovius:
1033 2158 1166 2195 prodest
1190 2161 1222 2185 et
1245 2155 1380 2186 Schelle:
1406 2166 1463 2194 pro
1488 2166 1547 2186 sua

260 2205 351 2239 parte
367 2201 444 2230 coni.
467 2200 603 2230 Mz'iller:
627 2210 686 2238 pro
703 2210 737 2229 re
754 2204 831 2229 nata
847 2199 995 2229 Schmidt
1119 2209 1139 2237 9
1162 2199 1194 2228 ni
1211 2198 1283 2228 add.
1296 2197 1392 2229 Rom.
1510 2207 1546 2236 14

261 2243 501 2281 perspiciemus
519 2242 593 2272 Vict.
613 2253 619 2271 :
644 2243 845 2280 persciemus
864 2240 930 2270 CM
1015 2241 1053 2270 16
1075 2241 1161 2279 quod
1174 2239 1202 2268 L
1220 2240 1354 2279 (margA
1371 2250 1376 2270 :
1408 2240 1485 2277 quid
1510 2239 1551 2268 M

265 2285 301 2313 18
323 2283 524 2322 στρατύλλσξ
541 2284 676 2313 Rosius:
702 2283 864 2314 stratillax
881 2282 922 2312 M
1031 2293 1070 2312 22
1094 2283 1223 2312 litterae
1248 2281 1304 2312 del.
1327 2281 1418 2312 Mau.
1505 2291 1547 2318 30

262 2327 340 2355 mihi
358 2329 381 2357 Σ
395 2326 478 2357 Crat.
497 2337 503 2356 ι
527 2336 590 2356 om.
610 2331 637 2355 Δ
