1590 2730
535 125 643 161 EPP.
674 126 749 160 AD
779 125 1030 161 ATTICVM
1299 126 1414 162 XIII.
1432 124 1542 161 xxia

133 232 201 270 tibi
231 233 375 271 dictum
407 240 472 270 est.
531 233 620 279 Quo
651 233 768 269 modo
795 239 923 269 autem
954 231 1047 280 fugit
1078 245 1139 269 me
1166 232 1235 269 tibi
1264 233 1487 282 dicere?(5)
1513 248 1536 275 2

135 295 297 333 Mirifice
318 294 501 334 Caerellia
529 294 656 332 studio
675 294 852 332 videlicet
878 295 1143 344 philosophiae
1171 297 1331 344 flagrans
1358 297 1420 333 de-

133 359 262 396 scribit
289 373 312 396 a
339 359 412 396 tuis
440 359 531 396 istos
569 358 671 407 ipsos
704 359 776 395 ‘de
804 358 965 395 finibus'
996 359 1121 396 habet.
1181 361 1264 407 Ego
1291 367 1418 396 autem

133 421 200 458 tibi
238 423 422 459 confirmo
459 421 634 471 (possum
672 421 749 458 salli
787 429 828 458 ut
865 423 999 471 homo)
1035 435 1058 458 a
1095 421 1189 459 meis
1226 435 1311 459 earn
1341 435 1420 459 non

95 500 111 529 5
132 486 272 522 habere
285 499 295 531 3
323 498 533 533 numquam
554 485 655 522 enim
675 486 724 522 ab
744 485 864 522 oculis
889 485 982 522 meis
1009 487 1193 523 afuerunt.
1252 487 1420 523 Tantum

131 561 242 597 porro
261 549 390 586 aberat
417 556 458 586 ut
487 549 597 586 binos
624 548 830 586 scriberent
844 563 853 594 3
887 549 947 585 vix
973 549 1140 598 singulos
1161 550 1417 586 confecerunt.

131 613 302 648 Tuorum
336 619 463 649 tamen
497 625 567 661 ego
600 613 746 649 nullum
780 612 963 649 delictum
994 613 1153 659 arbitror
1183 612 1351 661 itemque
1385 621 1421 650 te

131 676 218 712 volo
246 675 480 722 existimare;
509 689 531 713 a
559 689 619 713 me
643 675 745 713 enim
772 676 1077 724 praetermissum
1102 683 1158 714 est
1186 683 1226 713 ut
1255 677 1420 714 dicerem

132 751 192 775 me
216 751 280 775 eos
305 739 403 776 exire
429 741 602 777 nondum
622 741 729 777 velle.
788 739 879 785 Hui,
903 753 1018 788 quam
1044 739 1111 777 diu
1137 741 1185 777 de
1211 740 1342 788 nugis!
1372 742 1421 778 de

77 818 112 839 10
131 815 170 839 re
189 802 291 840 enim
311 803 405 840 nihil
424 805 550 841 habeo
570 805 674 852 quod
695 805 837 852 loquar.

184 866 244 902 De
274 867 475 903 Dolabella
504 866 573 904 tibi
609 867 812 904 adsentior.
871 868 1100 913 Coheredes,
1131 874 1173 904 ut
1206 866 1347 912 scribis,
1381 866 1418 903 in
1441 869 1487 907 ’,6)
1509 868 1533 905 3

130 930 360 966 Tusculano.
420 931 479 966 De
514 929 685 967 Caesaris
718 930 885 967 adventu
918 930 1065 978 scripsit
1094 931 1144 967 ad
1182 943 1243 967 me
1278 929 1419 966 Balbus

130 1005 208 1027 non
235 999 324 1029 ante
352 993 436 1029 Kal.
466 992 624 1029 Sextilis.
684 994 742 1029 De
767 992 894 1029 Attica
922 994 1076 1041 optime,
1099 993 1204 1041 quod
1233 992 1350 1029 levius
1375 1005 1420 1029 ac

130 1055 251 1092 lenius
281 1063 318 1092 et
351 1057 456 1104 quod
488 1057 558 1093 fert
591 1058 750 1096 εὐκόλως.
810 1058 926 1104 Quod
959 1064 1086 1094 autem
1117 1058 1166 1094 de
1198 1056 1261 1093 illa
1294 1063 1420 1093 nostra
1440 1060 1487 1100 (7)
1508 1062 1535 1098 4

73 1133 110 1163 15
130 1119 359 1168 cogitatione
379 1120 510 1157 scribis
530 1120 568 1157 in
590 1134 664 1169 qua
684 1121 778 1158 nihil
802 1121 869 1158 tibi
890 1122 997 1166 cedo,
1020 1134 1064 1158 ea
1083 1133 1182 1168 quae
1201 1119 1290 1157 novi
1310 1121 1420 1157 valde

129 1183 260 1232 probo,
297 1183 504 1229 hominem⁷
544 1185 716 1229 domum,
756 1185 962 1221 facultates.
1033 1184 1150 1230 Quod
1194 1190 1308 1232 caput
1351 1191 1417 1228 est,

129 1246 253 1295 ipsum
295 1259 373 1283 non
416 1246 503 1283 novi
542 1248 608 1284 sed
646 1247 762 1284 audio
800 1247 1015 1292 laudabilia,
1047 1247 1096 1284 de
1138 1247 1269 1283 Scrofa
1305 1246 1418 1283 etiarn

129 1310 308 1358 proxime.
366 1311 537 1356 Accedit,
573 1311 604 1347 si
641 1311 733 1359 quid
771 1312 844 1348 hoc
881 1312 930 1348 ad
964 1324 1052 1356 rem,
1087 1311 1331 1361 εὐγενέστερος
1364 1318 1419 1347 est

128 1373 242 1411 etiam
263 1387 377 1423 quam
397 1382 512 1423 pater.
555 1376 694 1413 Coram
715 1375 826 1423 igitur
845 1382 881 1412 et
902 1375 1058 1423 quidem
1078 1388 1270 1423 propenso
1289 1374 1419 1411 animo

72 1450 110 1471 20
127 1438 176 1474 ad
213 1438 464 1486 probandum.
523 1438 685 1475 Accedit
718 1438 820 1475 enim
853 1440 958 1486 quod
996 1446 1151 1486 patrem,
1184 1445 1224 1474 ut
1255 1437 1349 1474 scire
1383 1445 1419 1474 te

128 1508 220 1548 puto
240 1502 325 1549 plus
345 1500 458 1538 etiam
479 1514 594 1548 quam
615 1515 692 1538 non
714 1503 831 1539 modo
851 1508 891 1538 tu
912 1502 979 1539 sed
996 1514 1111 1549 quam
1132 1501 1212 1550 ipse
1233 1501 1312 1546 scit,
1330 1514 1419 1538 amo

128 1562 243 1611 idque
263 1571 300 1600 et
320 1563 454 1600 merito
474 1571 511 1600 ct
531 1564 604 1601 iam
626 1564 701 1601 diu.

167 1660 299 1694 XXII
378 1663 446 1694 δαν.
463 1665 495 1693 z'n
512 1664 668 1703 Arpinati
680 1665 711 1695 iv
726 1665 808 1696 Non.
828 1665 938 1704 Qm'nl.
960 1677 989 1696 α.
1012 1676 1069 1704 700
1088 1666 1167 1706 (45).

519 1736 685 1767 CICERO
713 1738 891 1768 ATTICO
920 1738 1023 1769 SAL⁴

71 1823 107 1855 25
179 1814 239 1849 De
260 1813 432 1849 Varrone
460 1824 539 1849 non
573 1812 654 1850 sine
683 1826 797 1850 causa
825 1814 918 1862 quid
951 1813 1020 1850 tibi
1053 1815 1201 1862 placeat
1230 1820 1306 1850 tam
1336 1812 1416 1850 dili·
1435 1821 1451 1847 1

125 1885 255 1926 genter
274 1876 439 1925 exquiro.
498 1878 712 1915 Occurrunt
738 1878 831 1914 mihi
856 1880 1055 1927 quaedam.
1113 1879 1189 1915 Sed
1211 1891 1254 1915 ea
1274 1891 1413 1915 coram.

125 1941 182 1977 Te
200 1947 328 1977 autem
349 1942 590 1988 ἀσμεναίτατα
610 1940 752 1978 intexui
772 1942 985 1989 faciamque
1005 1941 1043 1977 id
1064 1941 1241 1978 crebrius.
1292 1941 1415 1978 Proxi—

170 2051 182 2069 1
209 2040 282 2078 Quo
296 2041 394 2071 modo
405 2041 530 2080 autem]
550 2041 617 2072 Sed
628 2042 740 2072 neseio
751 2042 915 2080 quomodo
933 2046 1031 2071 antea
1048 2040 1185 2071 Muller:
1211 2041 1293 2070 Cum
1306 2046 1415 2071 autem

124 2083 241 2112 Rosius
255 2093 293 2112 ex
306 2083 383 2121 suis,
409 2084 572 2113 Turnebus
586 2095 624 2114 ex
639 2084 668 2112 Z
683 2088 719 2114 nt
733 2084 856 2114 videtur
1018 2094 1036 2112 2
1061 2083 1216 2113 describit
1233 2094 1251 2113 a
1268 2085 1332 2113 tuis
1349 2084 1413 2114 sed.

126 2125 262 2155 Mz'iller:
286 2136 340 2164 ego
355 2127 461 2155 solnm
479 2127 632 2156 describit
647 2127 798 2156 secludere
815 2127 938 2164 malim,
958 2126 1007 2156 vel
1015 2130 1074 2164 pro
1086 2126 1184 2156 habet
1198 2126 1292 2165 legere
1304 2126 1415 2156 libros.

128 2166 263 2197 Texlum
288 2167 422 2206 defendit
442 2167 561 2198 Gurlitt
578 2169 624 2198 ad
637 2170 701 2199 tuis
718 2169 941 2208 inlerpngens
957 2170 1007 2201 (ut
1021 2168 1126 2207 vulg&
1142 2180 1147 2196 :
1169 2172 1243 2207 post
1261 2168 1325 2198 tuis
1342 2168 1414 2197 add.

125 2213 158 2239 et
173 2209 256 2238 Reid
362 2222 380 2248 4
406 2211 504 2240 homo
524 2222 542 2240 a
558 2212 638 2240 meis
657 2212 732 2241 (mis
749 2205 800 2247 ΖΙ)
818 2222 845 2241 v.
861 2222 881 2241 c.
904 2206 946 2239 ΖΒ
967 2210 1150 2249 Malaspt'na
1165 2222 1172 2240 τ
1196 2211 1358 2240 humanus
1379 2210 1420 2239 M

126 2261 141 2289 7
165 2262 227 2289 ego
243 2263 261 2281 v
284 2263 306 2283 c.
325 2252 368 2291 (L
383 2256 505 2292 marg.)
522 2248 565 2281 ΖΒ
583 2253 667 2283 Crat.
683 2264 689 2283 τ
713 2263 753 2282 eo
770 2252 811 2281 M
923 2254 941 2282 8
966 2258 1016 2282 est
1031 2252 1109 2282 M2:
1144 2253 1185 2282 sit
1202 2251 1253 2280 M¹
1378 2254 1417 2282 16

124 2294 303 2333 hominem]
326 2305 446 2324 nomen
462 2294 580 2324 Scln‘itz
744 2305 779 2334 17
804 2296 901 2325 etiam
923 2296 1009 2334 quod
1033 2296 1182 2334 proxime
1204 2295 1332 2326 accidit.
1381 2295 1415 2324 Si

128 2334 170 2363 W
166 2346 233 2365 esen
237 2336 309 2375 berg
