1590 2730
511 143 621 179 EPP.
652 143 727 179 Al)
755 143 1007 181 ATTICVM
1327 146 1395 182 IX.
1417 145 1494 181 xiii

171 249 252 286 Nos
272 261 370 297 quae
390 256 558 287 monstra
573 250 713 287 cotidie
730 252 898 299 legamus
919 249 1113 299 intelleges
1133 265 1178 288 ex
1194 251 1257 289 illo
1272 252 1400 290 libello
1417 262 1440 299 7

117 311 183 361 qui
211 312 249 349 in
278 312 479 361 epistulam
507 313 702 351 coniectus
732 321 797 351 est.
856 316 1040 351 Lentulus
1073 323 1201 353 noster
1234 316 1401 353 Puteolis

116 382 186 422 est,
205 376 391 425 ἀδημονῶν
418 376 462 423 is,
495 383 537 414 ut
570 377 728 416 Caesius
761 385 893 423 narrat,
926 378 1018 426 quid
1047 386 1141 426 agat.
1196 380 1402 428 Διατροπὴν

118 438 397 477 Corfiniensem
417 439 645 477 reformidat.
687 440 872 488 Pompeio
893 454 994 477 nunc
1015 448 1121 489 putat
1137 441 1225 478 satis
1245 443 1398 487 factum,

81 510 97 541 5
117 501 306 539 beneficio
326 502 497 541 Caesaris
526 502 717 548 movetur,‘
733 504 799 540 sed
821 511 947 540 tamen
973 511 1144 541 movetur
1173 504 1290 553 magis
1319 518 1401 554 pro-

116 572 247 612 specta
265 578 313 602 re.

168 629 275 665 Tene
309 629 403 666 haec
435 642 547 678 posse
581 631 704 667 ferre?
759 629 901 667 Omnia
934 629 1070 667 misera
1103 631 1170 668 sed
1202 631 1276 668 hoc
1306 630 1442 669 nihils

117 690 296 729 miserius.
356 693 561 741 Pompeius
591 695 638 730 N.
670 693 840 741 Magium
872 695 920 731 de
950 707 1042 742 pace
1075 693 1176 730 misit
1205 701 1242 731 et
1272 701 1400 731 tamen

117 762 365 804 oppugnatur.
425 758 542 804 Quod
563 770 633 805 ego
653 770 731 794 non
751 758 965 802 credebam,
989 758 1056 794 sed
1077 757 1201 795 habeo
1226 771 1248 794 a
1279 759 1401 796 Balbo

61 829 99 850 10
116 816 255 855 litteras
272 831 431 866 quarum
447 820 495 856 ad
516 826 552 856 te
572 821 787 868 exemplum
805 819 899 856 misi.
950 821 1061 868 Lege,
1081 833 1232 868 quaeso,
1252 828 1288 857 et
1308 821 1402 858 illud

115 879 289 918 infimum
335 889 449 930 caput
488 881 604 930 ipsius
649 882 757 920 Balbi
794 882 939 931 optimi,
979 883 1040 920 cui
1079 885 1232 921 Gnaeus
1274 892 1401 922 noster

115 944 243 980 locum
269 943 334 981 ubi
362 945 491 982 hortos
515 945 732 983 aedificaret
753 945 869 991 dedit,
892 959 1006 994 quem
1037 945 1097 983 cui
1122 954 1292 984 nostrum
1322 961 1400 985 non

115 1019 228 1054 saepe
265 1007 471 1055 praetulit?
541 1010 675 1057 Itaque
714 1009 826 1046 miser
863 1016 1068 1057 torquetur.
1144 1011 1220 1047 Sed
1257 1024 1304 1048 ne
1342 1011 1400 1048 bis

115 1070 250 1107 eadem
279 1072 390 1119 legas,
421 1072 469 1108 ad
499 1071 620 1120 ipsam
650 1079 686 1108 te
716 1072 915 1120 epistulam
946 1072 1069 1109 reicio.
1129 1074 1243 1121 Spem
1272 1081 1399 1111 autem

60 1144 95 1176 15
115 1132 218 1181 pacis
247 1134 372 1171 habeo
400 1135 553 1171 nullam.
614 1135 814 1171 Dolabella
840 1134 916 1171 suis
941 1134 1070 1172 litteris
1098 1147 1142 1171 111
1172 1137 1264 1173 Idus
1287 1139 1396 1175 Mart.

56 1242 58 1244 v
115 1195 212 1233 datis
250 1209 395 1233 merum
434 1197 577 1234 bellum
616 1197 791 1245 loquitur.
869 1199 1097 1234 Maneamus
1136 1212 1223 1247 ergo
1261 1199 1300 1236 in
1337 1200 1400 1238 illa

115 1260 249 1296 eadem
271 1259 458 1297 sententia
487 1260 623 1298 misera
649 1267 686 1298 et
710 1261 918 1310 desperata,
941 1262 1097 1309 quando
1125 1262 1200 1300 hoc
1228 1262 1399 1301 miserius

69 1345 72 1348 ·
114 1334 196 1359 esse
215 1321 309 1358 nihil
329 1330 464 1371 potest.

734 1485 780 1522 A.

57 1585 96 1607 ²0
421 1584 488 1614 διν.
508 1583 634 1614 Romae
649 1585 715 1614 circ.
733 1596 756 1614 x
771 1584 812 1614 K.
829 1584 909 1629 Apr.
930 1595 983 1623 705
999 1585 1084 1625 (49).

370 1659 549 1689 BALBVS
573 1659 791 1689 CICERONI
819 1659 905 1690 IMP.
931 1660 1026 1692 SAL.
1053 1661 1138 1692 D1C.

166 1729 306 1768 Caesar
325 1728 435 1766 nobis
459 1728 599 1766 litteras
623 1729 813 1778 prebrevis
839 1729 962 1776 misit3
991 1743 1151 1779 quarum
1180 1731 1396 1779 exemplum
1416 1740 1432 1767 1

113 1792 326 1841 subscripsi.
388 1792 576 1830 Brevitate
597 1793 780 1841 epistulae
800 1792 895 1830 scire
918 1793 1058 1842 poteris
1079 1806 1166 1830 eum
1186 1795 1296 1831 valde
1316 1808 1398 1832 esse

113 1854 321 1893 distentum
345 1855 409 1904 qui
433 1863 537 1893 tanta
560 1857 608 1893 de
632 1870 670 1894 re
698 1864 774 1893 tam
798 1856 959 1894 breviter
982 1856 1179 1906 scripserit.
1240 1856 1278 1894 Si
1305 1857 1398 1906 quid

57 1931 94 1963 25
112 1926 304 1967 praeterea
323 1919 411 1956 novi
427 1919 549 1966 fuerit,
569 1919 696 1957 statim
716 1919 784 1957 tibi
804 1919 977 1957 scribam.

158 2029 170 2048 1
196 2020 343 2058 legamus
369 2020 538 2058 intelleges
559 2019 758 2060 IVeseuberg:
785 2021 1005 2060 intelligamus
1026 2020 1074 2059 M,
1092 2022 1127 2059 cs.
1146 2021 1182 2060 Q.
1200 2021 1251 2053 Fr.
1271 2022 1292 2053 i.
1313 2032 1337 2053 1.
1356 2032 1397 2060 32

113 2060 218 2091 ubiM
230 2061 319 2092 habet
329 2063 536 2093 consulemus
547 2068 607 2103 pro
620 2064 791 2093 consulere
803 2064 960 2094 debemus
1046 2074 1065 2102 3
1090 2064 1227 2094 Caesius
1239 2064 1394 2103 Schmidt,

112 2104 148 2142 cf
165 2114 261 2135 11.1:
287 2105 405 2135 Cecius
421 2105 461 2135 M
542 2105 619 2144 quid
636 2111 711 2143 agat
727 2106 793 2136 secl
805 2107 933 2136 Ernestz
942 2105 988 2136 ad
1001 2105 1160 2145 ἀδημονῶν
1173 2107 1351 2146 mletpungz
1344 2117 1398 2136 cns

112 2156 143 2185 5,
159 2147 181 2177 6
204 2153 377 2186 prospecta
393 2158 428 2177 re
445 2151 530 2178 vett..
558 2153 782 2187 prospectaret
800 2148 855 2177 M:
881 2153 1052 2187 perspecta
1070 2159 1105 2179 re
1120 2149 1236 2178 Lamb.

112 2189 201 2219 Hmc
216 2200 332 2220 novam
349 2189 433 2229 epist.
446 2189 575 2228 mcipeae
586 2195 681 2229 putat
689 2190 877 2229 Stemkopf;
899 2191 953 2221 sed
966 2191 1034 2221 vzde
1045 2191 1212 2221 Sclzmidt‘
1222 2191 1291 2220 Dea
1296 2191 1396 2229 Bn'ef-

113 2231 252 2262 wechsel’
263 2237 298 2272 p.
317 2241 373 2270 157
471 2232 563 2262 Tene
578 2233 716 2262 Bosms:
739 2243 801 2262 nec
818 2232 876 2263 M:
901 2233 998 2263 Mene
1014 2234 1096 2263 Pms
1209 2235 1229 2263 8
1254 2233 1291 2263 N.
1299 2232 1311 2272 ]
1330 2233 1395 2262 Nu-

115 2275 250 2304 merium
279 2274 332 2304 R:
371 2273 549 2304 Numerum
575 2274 627 2305 P:
663 2274 849 2305 Numatium
883 2275 924 2306 C:
965 2279 1041 2306 num
1073 2274 1149 2305 M¹·
1143 2300 1148 2305 .
1187 2275 1246 2306 Cn.
1283 2273 1399 2305 O2M²s

117 2325 151 2345 11
169 2316 230 2346 viri
240 2319 314 2355 post
327 2317 439 2354 optimi
453 2316 526 2346 add.
541 2317 726 2356 Malaspt'na
816 2327 851 2355 15
872 2327 909 2346 111
928 2321 949 2345 Σ
963 2318 1046 2347 Crat.
1060 2329 1066 2346 ε
1088 2327 1150 2347 om.
1168 2322 1194 2347 Δ
1284 2327 1321 2355 19
1336 2317 1398 2346 Ex·

114 2359 256 2397 emplum
272 2359 367 2388 huius
382 2364 427 2398 ep.
444 2359 476 2388 τἸι
491 2358 677 2388 Petrarclzac
696 2363 701 2375 ⁴
717 2357 747 2387 V
745 2360 788 2388 ita
808 2360 951 2389 Caesaris
964 2359 970 2371 '
990 2371 1029 2399 gc.
1044 2370 1103 2399 xx)
1121 2360 1280 2390 invenitur
