1590 2730
511 117 619 152 EPP.
652 117 726 152 Al)
755 116 1007 153 ATTICVM
1350 116 1442 151 XII.
1464 114 1539 150 xlii

107 224 332 273 (delectatur
357 224 459 261 enim
485 230 522 261 et
547 222 704 272 copiosa
729 222 812 271 est),
835 230 871 260 et
897 223 989 260 illud
1015 225 1173 260 alterum
1201 237 1315 271 quam
1345 223 1391 260 sit

106 286 258 324 difficile
278 295 314 324 te
337 300 415 324 non
439 285 542 334 fugit.
601 287 687 331 Sed,
710 286 881 331 obsecro,
904 285 1092 323 enitamur
1112 294 1152 323 ut
1172 286 1315 336 aliquid
1341 288 1391 323 ad

106 349 146 388 id
166 351 271 399 quod
290 349 405 399 cupio
424 348 692 398 excogitemus.

160 415 242 462 Ego
281 426 342 450 me
378 412 468 449 hinc
506 411 688 461 postridie
724 414 781 449 ld.
815 411 1001 449 exiturum
1034 420 1127 461 puto
1160 413 1227 450 sed
1257 420 1321 450 aut
1352 412 1389 449 in
1411 417 1433 453 3

71 477 368 517 5Tusculanum
406 483 470 512 aut
507 477 678 521 domum,
711 475 801 513 inde
839 477 996 513 fortasse
1034 475 1233 524 Arpinum.
1292 477 1391 514 Cum

107 546 252 577 certum
281 538 411 585 sciero,
442 538 604 576 scribam
632 539 682 575 ad
711 545 757 576 te.

147 733 297 767 XLIII
424 735 489 767 Ser.
508 735 652 766 Asturae
667 736 697 765 iv
711 734 760 766 Id.
781 734 858 766 Mai.
882 746 911 765 a.
933 744 989 775 709
1008 734 1090 775 (45).

500 828 666 858 CICERO
695 828 726 858 A
736 827 870 858 TTICO
897 827 1000 858 SAL.

160 922 326 958 Venerat
357 920 449 957 mihi
480 920 517 957 in
550 927 717 958 mentem
750 933 905 957 monere
935 927 971 956 te
1000 926 1040 956 ut
1070 918 1107 956 id
1137 918 1260 968 ipsum
1288 918 1392 966 quod
1413 929 1428 955 1

55 997 90 1018 10
109 983 199 1020 facis
229 985 380 1021 faceres.
441 984 627 1020 Putabam
661 983 763 1020 enim
802 982 1044 1020 commodius
1083 990 1118 1019 te
1156 982 1257 1019 idem
1293 982 1393 1019 istud
1416 970 1543 1011 (XL113)

109 1046 214 1084 domi
242 1059 351 1094 agere
379 1059 491 1095 posse
520 1046 822 1094 interpellatione
851 1046 1009 1082 sublata.

162 1110 244 1157 Ego
264 1108 446 1157 postridie
471 1110 573 1154 Idus,
598 1116 638 1145 ut
665 1108 794 1157 scripsi
815 1110 864 1146 ad
885 1116 921 1145 te
946 1115 1045 1154 ante,
1070 1107 1216 1145 Lanuvi
1243 1120 1394 1145 manere
1416 1112 1513 1151 (xmu

109 1171 298 1217 constitui,
334 1171 423 1209 inde
460 1179 525 1208 aut
556 1173 704 1208 Romae
735 1179 799 1208 aut
831 1171 868 1207 in
902 1173 1147 1217 Tusculano,
1180 1170 1274 1208 scies
1307 1178 1395 1207 ante
1417 1154 1448 1194 Ι)

110 1242 246 1272 utrum.
304 1236 446 1282 †Quod
470 1234 565 1272 scies
592 1242 692 1272 recte
718 1234 820 1271 illam
841 1248 920 1271 rem
945 1236 1023 1272 fore
1049 1236 1275 1279 levamento,
1298 1234 1396 1271 bene

56 1312 90 1343 15
110 1297 201 1335 facis
230 1297 467 1335 cumidessel-
493 1297 585 1334 mihi
612 1298 725 1334 crede
754 1297 912 1346 perinde
942 1305 982 1334 ut
1011 1297 1223 1334 existimare
1252 1304 1292 1333 tu
1319 1309 1397 1333 non

109 1368 229 1410 potes.
288 1362 365 1398 Res
398 1360 540 1398 indicat
578 1368 722 1409 quanto
760 1374 874 1409 opere
907 1361 946 1398 id
979 1360 1142 1409 cupiam,
1178 1373 1295 1409 quom
1329 1358 1395 1396 tibi

109 1425 272 1461 audeam
302 1423 473 1461 confiteri
503 1437 617 1472 quem
647 1423 685 1461 id
715 1437 793 1461 non
822 1423 874 1461 ita
903 1425 1012 1461 valde
1041 1424 1201 1472 probare
1229 1422 1395 1460 arbitrer.

111 1488 187 1525 Sed
220 1488 397 1524 ferendus
429 1486 496 1524 tibi
527 1486 565 1523 in
595 1488 669 1524 hoc
703 1500 810 1524 meus
844 1500 954 1524 error.
1015 1488 1238 1524 Ferendus?
1279 1485 1399 1522 immo

111 1563 200 1588 vero
228 1550 342 1587 etiam
371 1550 620 1587 adiuvandus.
681 1552 740 1587 De
769 1551 926 1588 Othone
955 1550 1098 1595 diffido,
1124 1551 1281 1586 fortasse
1310 1548 1399 1597 quia
1418 1560 1441 1586 2

56 1628 94 1649 20
111 1613 235 1662 cupio.
293 1614 369 1651 Sed
400 1621 527 1650 tamen
562 1613 681 1650 maior
717 1613 831 1650 etiarn
866 1627 922 1650 res
960 1621 1016 1650 est
1054 1626 1168 1661 quam
1203 1613 1398 1649 facultates

112 1684 273 1722 nostrae,
308 1676 526 1725 praesertim
564 1676 778 1714 adversario
812 1684 848 1714 et
882 1676 1024 1724 cupido
1061 1683 1098 1712 et
1135 1676 1325 1724 locuplete
1362 1682 1399 1712 et

112 1740 261 1777 herede.
309 1739 527 1777 Proximum
549 1746 605 1776 est
626 1746 666 1776 ut
687 1739 798 1776 velim
820 1739 990 1777 Clodiae.
1038 1739 1113 1776 Sed
1133 1738 1163 1775 si
1183 1738 1253 1775 ista
1273 1737 1399 1774 minus

111 1802 249 1840 confici
277 1810 447 1851 possunt,
476 1803 583 1840 effice
616 1801 776 1850 quidvis.
836 1804 919 1851 Ego
953 1815 1014 1839 me
1045 1801 1187 1838 maiore
1219 1800 1399 1849 religione

112 1878 227 1914 quarn
257 1865 458 1914 quisquam
487 1864 556 1902 fuit
586 1864 697 1902 ullius
717 1864 795 1902 voti
824 1865 1048 1902 obstrictum
1078 1872 1181 1913 puto.
1238 1863 1399 1901 Videbis

58 1943 93 1974 25
113 1928 226 1965 etiam
246 1928 522 1974 Trebonianos,
546 1927 616 1966 etsi
639 1928 778 1965 absunt
805 1928 962 1965 domini.
1021 1929 1108 1973 Sed,
1130 1934 1170 1964 ut
1190 1927 1238 1964 ad
1263 1934 1299 1963 te
1320 1926 1398 1964 heri

112 1991 253 2040 scripsi,
276 1991 535 2029 considerabis
562 1991 676 2028 etiam
701 1992 749 2028 de
778 1993 999 2029 Tusculano
1024 2005 1072 2028 ne
1098 1998 1220 2028 aestas
1249 1990 1376 2027 effluat
1390 2003 1399 2036 3

113 2055 217 2103 quod
237 2062 337 2092 certe
357 2068 434 2092 non
455 2062 511 2092 est
532 2054 863 2092 committendum.

155 2165 173 2192 4
199 2155 244 2185 Id.
262 2154 393 2186 addend.
411 2156 487 2185 coni.
502 2154 616 2185 Lamb.
742 2165 777 2192 14
802 2156 886 2185 scies
904 2159 990 2185 recte
1008 2154 1064 2184 M:
1088 2155 1202 2185 scribis
1219 2158 1308 2184 recte
1325 2154 1400 2183 mihi

113 2198 205 2235 (mihi
227 2208 264 2227 ex
286 2192 341 2235 Zl)
366 2197 448 2227 Boot
469 2196 672 2226 Lattmann:
702 2198 818 2226 scribis
842 2198 904 2226 reri
930 2202 960 2226 te
985 2197 1061 2226 mihi
1083 2196 1174 2227 Man.
1194 2209 1200 2227 :
1228 2207 1300 2227 rere
1323 2196 1398 2235 (om.

111 2239 209 2277 scies)
230 2239 367 2279 Madvig
495 2249 531 2277 15
555 2239 750 2279 cumidesse]
776 2244 884 2270 tamen
904 2240 934 2269 id
953 2244 1003 2269 est
1029 2238 1229 2278 Wesenbmg:
1257 2249 1353 2278 quam
1370 2238 1400 2267 id

112 2282 155 2311 sit
177 2281 331 2321 lWadvtg:
356 2283 436 2320 quin
453 2282 484 2312 id
501 2292 575 2312 esse
591 2281 772 2312 Lattmann
859 2282 910 2322 ut]
937 2287 971 2312 ut
995 2286 1045 2311 est
1078 2281 1216 2321 Madvzg
1361 2290 1402 2309 22

113 2323 179 2353 Sed
198 2327 220 2355 Σ
238 2324 365 2355 C1¹at.v.
386 2336 406 2355 c.
427 2336 434 2354 z
458 2335 521 2354 om.
543 2329 569 2353 Δ
