1590 2730
529 135 639 170 EPP.
669 135 745 170 AD
773 134 1025 171 ATTICVM
1333 134 1449 169 XIII.
1471 132 1562 168 xlix

174 260 318 295 XLIX
372 262 439 293 δαν.
454 262 488 292 in
509 262 687 292 Tusculano
704 263 768 293 circ.
785 262 843 292 xiii
856 263 897 292 K.
918 261 998 302 Sept.
1016 273 1045 292 a.
1066 272 1123 301 709
1143 262 1221 302 (45).

523 347 689 378 CICERO
718 348 894 378 ATTICO
923 347 1026 378 SAL.

182 434 331 473 Atticae
360 434 523 484 primum
552 435 713 471 salutem
741 433 871 483 (quam
901 433 1081 482 equidem
1110 433 1184 470 ruri
1213 446 1294 470 esse
1323 432 1416 470 arbi·
1434 442 1452 469 1

129 505 227 545 tror3
256 500 413 535 multam
434 497 545 546 igitur
564 495 740 545 salutem)
762 504 799 534 et
820 496 946 534 Piliae.
998 498 1057 533 De
1077 496 1249 544 Tigellio,
1273 495 1302 533 si
1323 495 1416 544 quid

91 573 107 603 5
128 560 227 597 novi.
285 560 362 608 Qui
392 560 558 609 quidem,
585 567 626 596 ut
653 559 745 595 mihi
773 561 903 597 Gallus
934 559 1074 597 Fadius
1102 559 1259 607 scripsit,
1281 560 1416 608 μέμψιν

127 624 297 672 ἀναφέρει
318 622 410 660 mihi
430 623 624 671 quandam
644 621 933 670 iniquissimam,
956 635 1017 659 me
1038 623 1229 659 Phameae
1249 621 1414 659 defuisse

127 698 215 723 cum
249 685 328 723 eius
362 698 515 723 causam
552 684 790 732 recepissem.
849 686 977 731 Quam
1007 684 1164 733 quidem
1198 697 1412 733 receperam

126 756 258 787 contra
271 762 409 798 pueros
426 748 606 786 Octavios
628 749 698 786 Cn.
717 747 814 785 filios
830 761 909 785 non
925 747 1086 784 libenter
1100 761 1110 794 3
1138 748 1205 785 sed
1222 749 1413 785 Phameae

126 825 239 849 causa
271 812 456 849 volebam.
517 813 606 848 Erat
644 810 756 857 enim,
797 811 828 848 si
866 810 1082 857 meministi,
1122 810 1161 847 in
1192 813 1411 849 consulatus

70 890 107 911 10
125 875 308 924 petitione
328 888 394 923 per
413 882 449 912 te
470 874 562 911 mihi
583 874 773 923 pollicitus
794 874 824 911 si
845 874 936 923 quid
952 887 1049 923 opus
1069 881 1191 921 esset,
1220 875 1325 923 quod
1341 888 1411 922 ego

123 938 280 987 perinde
301 939 433 975 tuebar
458 951 502 975 ac
528 937 558 975 si
585 951 674 975 usus
704 951 836 975 essem.
896 939 934 974 Is
953 938 1002 975 ad
1029 950 1090 975 me
1110 937 1213 974 venit
1241 937 1411 986 dixitque

122 1001 287 1038 iudicem
317 1014 471 1050 operam
501 1002 591 1038 dare
620 1000 691 1038 sibi
720 1000 961 1038 constituisse
990 1013 1036 1037 eo
1060 999 1122 1037 die
1148 999 1232 1049 ipso
1258 1013 1335 1049 quo
1361 1001 1410 1037 de

122 1063 245 1102 Sestio
274 1071 404 1101 nostro
436 1064 518 1111 lege
553 1063 736 1112 Pompeia
765 1063 804 1100 in
832 1063 1034 1100 consilium
1063 1062 1105 1099 iri
1134 1076 1290 1100 necesse
1318 1070 1406 1100 erat.

122 1126 202 1164 Scis
222 1126 323 1164 enim
344 1126 425 1164 dies
451 1126 600 1163 illorum
627 1125 854 1163 iudiciorum
882 1125 1124 1174 praestitutos
1153 1125 1277 1163 fuisse.
1337 1128 1406 1164 Re-

66 1206 100 1236 15
121 1190 259 1238 spondi
280 1203 357 1227 non
377 1190 548 1239 ignorare
569 1202 655 1226 eum
678 1188 770 1237 quid
790 1202 861 1237 ego
887 1188 1067 1226 deberem
1089 1188 1221 1226 Sestio.
1280 1190 1407 1236 Quem

120 1254 231 1290 vellet
250 1252 366 1290 alium
387 1253 489 1290 diem
511 1252 540 1289 si
565 1251 797 1300 sumpsisset,
821 1264 882 1288 me
902 1250 936 1288 ei
963 1264 1041 1288 non
1061 1252 1290 1288 defuturum.
1350 1253 1408 1288 Ita

120 1323 201 1353 tum
238 1316 299 1354 ille
337 1315 510 1353 discessit
547 1315 672 1351 iratus.
742 1316 840 1351 Puto
871 1327 932 1351 me
970 1313 1038 1351 tibi
1069 1327 1247 1351 narrasse.
1317 1315 1406 1350 Non

119 1379 286 1417 laboravi
301 1378 444 1416 scilicet
464 1392 534 1416 nec
555 1377 720 1415 hominis
736 1377 849 1414 alieni
869 1376 1155 1414 iniustissimam
1171 1376 1406 1415 iracundiam

121 1442 213 1479 mihi
235 1443 442 1480 curandam
462 1441 601 1491 putavi.
661 1442 773 1478 Gallo
793 1448 919 1478 autem
949 1440 1105 1486 narravi,
1128 1453 1215 1477 cum
1236 1439 1406 1489 proxime
1425 1448 1449 1475 2

63 1522 102 1543 20
122 1507 271 1543 Romae
297 1505 362 1552 fui,
383 1505 475 1554 quid
503 1504 695 1542 audissem
725 1517 850 1552 neque
879 1503 1072 1540 nominavi
1096 1503 1258 1540 Balbum
1289 1502 1407 1540 mino-

119 1583 208 1607 rem.
268 1568 416 1606 Habuit
436 1582 547 1606 suum
573 1567 769 1616 negotium
790 1568 921 1604 Gallus
947 1574 988 1603 ut
1014 1566 1152 1604 scribit.
1210 1566 1274 1603 Ait
1300 1565 1405 1603 illum

116 1635 230 1671 dicere
262 1647 323 1671 me
356 1633 472 1670 animi
512 1631 746 1669 conscientia
780 1632 884 1680 quod
920 1632 1114 1667 Phamean
1148 1629 1404 1667 destituissem

117 1697 165 1734 de
184 1710 219 1733 se
238 1695 428 1745 suspicari.
475 1697 562 1743 Qua
581 1708 620 1732 re
640 1694 708 1731 tibi
729 1695 913 1731 hactenus
934 1694 1088 1739 mando,
1109 1694 1158 1730 de
1178 1692 1243 1729 illo
1262 1699 1406 1739 nostro,

116 1759 146 1797 si
166 1759 260 1809 quid
279 1759 429 1809 poteriS,
445 1759 628 1808 exquiras,
644 1761 692 1797 de
709 1773 770 1797 me
790 1773 838 1797 ne
854 1759 947 1808 quid
972 1758 1130 1796 labores.
1174 1759 1242 1795 Est
1263 1758 1404 1795 bellum

60 1836 96 1866 25
115 1822 281 1872 aliquem
312 1822 473 1860 libenter
499 1822 625 1860 odisse
658 1830 694 1860 et
725 1835 840 1871 quem
870 1823 919 1860 ad
950 1823 1108 1859 modum
1138 1833 1210 1857 non
1238 1822 1405 1857 omnibus

114 1887 285 1932 dormire,
307 1888 360 1923 ita
390 1899 468 1923 non
497 1885 677 1923 omnibus
706 1885 852 1923 servire.
912 1885 994 1922 Etsi
1025 1898 1085 1922 me
1105 1885 1269 1930 hercule,
1291 1890 1332 1921 ut
1362 1891 1401 1921 tu

115 1948 313 1998 intellegis,
333 1948 451 1998 magis
472 1949 565 1985 mihi
585 1948 645 1985 isti
666 1948 843 1994 serviunt,
867 1948 897 1985 si
917 1949 1117 1986 observare
1138 1947 1274 1985 servire
1294 1954 1360 1984 est.

157 2059 176 2087 3
201 2049 310 2087 (quam
333 2072 339 2078 .
359 2072 365 2078 .
387 2072 393 2079 .
423 2048 579 2086 arbitror)
605 2049 711 2078 solum
735 2048 768 2077 in
787 2048 970 2087 parenthesi
996 2047 1186 2086 Wesenberg.
1205 2047 1283 2085 sort.
1309 2050 1401 2083 recte,-

115 2095 184 2120 ttmz
209 2091 392 2121 addendmn
417 2091 446 2120 ei
471 2095 544 2120 unte
567 2095 600 2120 et
749 2091 768 2119 8
791 2092 849 2120 sed
874 2090 970 2120 Rom.
990 2102 996 2119 :
1020 2091 1078 2120 sed
1103 2094 1135 2119 et
1157 2089 1197 2118 M
1210 2089 1403 2128 <etfortasse

114 2137 151 2162 ut
165 2133 248 2163 docet
263 2133 383 2162 Mz‘t'ller
395 2144 434 2163 ex
448 2134 607 2171 ephamee
624 2133 782 2172 archetypi,
802 2133 999 2171 qnaesorma
1018 2132 1052 2171 (l.
1072 2134 1105 2171 6)
1123 2132 1156 2161 in
1174 2131 1214 2160 M
1231 2132 1401 2170 invenitur)

114 2185 151 2204 21
177 2175 281 2215 illum]
306 2176 359 2205 ille
377 2175 429 2214 (sc.
446 2175 617 2214 Tigellius)
643 2175 791 2204 Schmidt
959 2185 998 2204 22
1021 2178 1094 2203 ante
1114 2184 1166 2203 me
1190 2173 1263 2204 add.
1291 2174 1401 2203 dicere

113 2217 324 2256 Lamb.,post
333 2228 384 2247 me
400 2217 581 2256 lVesenloerg
632 2217 798 2246 Phamean
812 2217 868 2246 M:
896 2227 959 2246 -am
970 2216 1036 2246 edd.
1126 2226 1166 2253 23
1191 2217 1230 2245 de
1242 2226 1276 2245 se
1289 2216 1374 2255 vulg.
1394 2226 1400 2246 :

114 2259 206 2288 deM
289 2268 328 2296 25
352 2259 454 2289 libere
470 2258 616 2289 Schmidt
680 2269 745 2288 non
764 2281 769 2288 .
790 2282 796 2288 .
818 2281 823 2288 .
844 2260 887 2288 ita
905 2258 977 2288 add.
998 2257 1113 2288 Lamb.
1128 2258 1266 2289 eat-Fam.
1281 2258 1335 2287 vii.
1349 2268 1399 2295 24.

117 2311 130 2331 1
150 2312 157 2330 :
180 2311 242 2331 om.
260 2300 344 2331 codd.
364 2304 392 2330 et
404 2300 549 2331 Schmidt
564 2302 622 2339 qm'
634 2301 775 2339 quodam
793 2301 888 2330 modo
901 2306 962 2340 pro
977 2300 1252 2338 quemadmodum
1268 2300 1340 2339 legit
