1690 2710
528 120 638 157 EPP.
667 121 744 156 AD
773 120 1023 158 ATTICVM
1337 122 1420 159 XV.
1438 120 1513 158 xiii

177 256 292 292 XIII
396 257 464 291 Scr.
483 259 516 290 in
532 258 707 290 Puteolano
723 259 777 289 viii
790 259 831 290 K.
851 259 929 291 Nov.
949 271 978 291 a.
998 270 1054 300 710
1070 261 1157 302 (44).

527 339 695 370 CICERO
723 339 899 370 ATTICO
927 340 1029 373 SAL.

188 427 260 452 vm
283 416 368 453 Kal.
391 415 486 453 duas
510 427 533 452 a
557 421 595 452 te
618 414 750 464 accepi
770 415 960 464 epistulas.
1019 417 1282 465 Respondebo
1310 416 1422 466 igitur
1440 427 1457 454 1

134 477 250 526 priori
278 477 391 527 prius.
448 477 656 515 Adsentior
676 477 745 516 tibi
765 486 806 516 ut
826 492 897 517 nec
917 480 1034 517 duces
1055 479 1172 517 simus
1194 493 1265 517 nec
1284 493 1422 529 agmen

99 554 115 583 5
135 553 327 589 cogamus,
366 542 558 578 faveamus
597 548 735 578 tamen.
794 542 1017 579 Orationem
1056 542 1124 579 tibi
1161 542 1256 579 misi.
1328 542 1421 580 Eius

135 602 409 641 custodiendae
437 611 474 640 et
495 599 751 651 ⁴proferendae
770 604 965 641 arbitrium
987 612 1104 642 tuum.
1162 606 1238 643 Sed
1265 606 1421 653 quando

134 666 241 703 illurn
260 665 363 703 diem
384 679 471 703 cum
492 674 533 703 tu
553 667 744 704 edendam
765 669 906 715 putes?
962 667 1135 704 Indutias
1164 681 1258 716 quas
1287 667 1419 705 scribis
1438 678 1463 706 2

134 742 213 766 non
233 728 410 776 intellego
433 728 513 766 fieri
538 742 661 778 posse.
720 729 859 767 Melior
878 738 935 767 est
954 732 1246 779 ἀναντιφωνησία
1264 743 1339 779 qua
1359 744 1421 768 me

134 805 290 830 usurum
319 790 487 829 arbitror.
546 793 664 839 Quod
695 792 826 830 scribis
855 793 1022 842 legiones
1049 795 1143 832 duas
1173 794 1419 832 Brundisium

78 870 116 892 10
133 854 291 901 venisse,
314 867 380 892 vos
400 854 529 892 omnia
548 854 661 904 prius,
718 856 867 894 Scribes
896 856 1006 905 igitur
1034 856 1217 906 quicquid
1243 856 1417 895 audieris.

134 917 314 955 Varronis
344 918 514 968 διάλογον
539 925 727 967 exspecto.
777 920 859 956 Iam
880 920 1002 969 probo
1020 919 1296 968 Ἡρακλείδειον,
1318 933 1421 969 prae·
1439 925 1464 963 3

134 981 260 1018 sertim
291 994 379 1018 cum
409 988 448 1018 tu
475 988 580 1018 tanto
604 994 718 1030 opere
738 983 926 1020 delectere
941 997 950 1028 3
978 984 1044 1020 sed
1066 985 1177 1032 quale
1196 983 1288 1022 velis
1308 983 1421 1020 velim

134 1045 238 1083 scire.
298 1045 416 1093 Quod
435 1046 485 1083 ad
505 1052 541 1083 te
561 1053 673 1083 antea
693 1053 808 1094 atque
828 1047 925 1084 adeo
955 1046 1056 1096 prius
1078 1047 1208 1096 scripsi
1231 1047 1299 1090 (sic
1320 1046 1422 1084 enim

135 1109 281 1160 mavis),
303 1111 353 1147 ad
373 1109 618 1147 scribendum
639 1110 731 1149 †tibi
751 1123 837 1147 vere
866 1110 1014 1148 diceret
1038 1110 1159 1148 fecisti
1184 1124 1244 1148 me
1270 1110 1422 1148 alacrio-

79 1187 114 1218 15
134 1186 224 1210 rem.
295 1174 357 1210 Ad
395 1179 503 1210 tuum
542 1172 645 1210 enim
684 1173 867 1211 iudicium
905 1174 1011 1221 quod
1050 1174 1143 1211 mihi
1176 1181 1255 1211 erat
1287 1182 1422 1211 notum

133 1235 315 1273 addidisti
344 1235 534 1273 Peducaei
563 1236 827 1273 auctoritatem
849 1249 1024 1285 magnam
1051 1236 1208 1285 quidem
1236 1239 1340 1286 apud
1369 1249 1423 1274 me

133 1307 170 1337 et
199 1299 237 1336 in
266 1299 395 1349 primis
424 1312 586 1348 gravem.
647 1300 778 1337 Enitar
807 1300 917 1349 igitur
940 1314 989 1338 ne
1017 1301 1210 1339 desideres
1230 1309 1294 1338 aut
1316 1301 1423 1339 indu-

133 1362 261 1400 striam
298 1376 423 1400 meam
460 1370 525 1400 aut
563 1362 809 1412 diligentiam.
866 1363 1099 1410 Vettienum,
1134 1373 1175 1402 ut
1213 1364 1353 1410 scribis,
1385 1372 1422 1402 et

134 1425 336 1464 Faberium
363 1427 483 1464 foveo.
542 1426 724 1465 Clodium
754 1426 847 1464 nihil
872 1426 1031 1465 arbitror
1054 1427 1264 1474 malitiose3
1293 1441 1422 1477 quam-

77 1504 115 1525 20
134 1491 371 1538 quam—sed
400 1491 506 1539 quod
536 1490 661 1539 egerit.
722 1492 782 1528 De
801 1490 973 1528 libertate
993 1491 1203 1538 retinenda,
1226 1505 1301 1540 qua
1321 1499 1421 1530 certe

132 1552 226 1589 nihil
250 1560 306 1590 est
325 1553 484 1600 dulcius,
508 1553 577 1591 tibi
600 1553 803 1591 adsentior.
865 1555 974 1591 Itane
1004 1555 1115 1592 Gallo
1142 1554 1337 1593 Caninio?
1388 1555 1422 1593 O

132 1616 328 1654 hominem
366 1620 557 1666 nequam!
605 1617 698 1666 quid
737 1617 838 1655 enim
881 1616 1006 1654 dicam
1044 1617 1179 1655 aliud?
1251 1620 1417 1657 Cautum

134 1680 382 1717 Marcellum!
413 1694 473 1717 me
502 1680 565 1726 sic,
599 1682 666 1718 sed
697 1694 775 1718 non
805 1687 932 1717 tamen
960 1680 1231 1718 cautissimum.

185 1742 364 1791 Longiori
384 1743 567 1792 epistulae
590 1743 849 1792 superiorique
874 1743 1064 1793 respondi.
1122 1746 1237 1782 Nunc
1258 1745 1417 1783 breviori
1435 1755 1461 1791 4

76 1817 113 1848 25
132 1805 374 1855 propiorique
394 1806 487 1855 quid
516 1808 769 1856 respondeam
790 1806 862 1844 nisi
883 1820 966 1844 eam
988 1806 1102 1844 fuisse
1128 1808 1418 1846 dulcissimam?

132 1870 210 1906 Res
232 1869 508 1918 Hispanienses
529 1872 639 1908 valde
659 1871 794 1929 bonge,
819 1871 937 1908 modo
960 1871 1163 1908 Balbilium
1185 1871 1417 1910 incolumem

130 1930 290 1978 videam,
317 1933 529 1971 subsidium
559 1942 710 1972 nostrae
744 1933 961 1971 senectutis.
1020 1936 1080 1971 De
1104 1934 1284 1973 Anniano
1315 1935 1416 1983 item,

130 1996 235 2043 quod
281 2009 342 2033 me
388 1998 498 2035 valde
543 1997 719 2035 observat
756 1996 922 2034 Visellia.
998 1998 1073 2034 Sed
1121 1998 1215 2035 haec
1261 1998 1418 2047 quidem

171 2097 191 2124 6
215 2097 256 2135 et]
274 2101 329 2126 aut
344 2098 421 2127 coni.
447 2097 566 2127 Muller
648 2109 669 2136 9
693 2098 840 2136 legiones
861 2096 953 2127 CRP
965 2100 993 2126 et
1005 2097 1144 2136 sonasse
1163 2099 1213 2129 O:
1236 2099 1418 2138 legationes

130 2141 157 2166 Δ
302 2149 339 2177 14
363 2140 418 2169 tibi
446 2140 537 2179 (licet
563 2140 650 2170 enim
678 2141 734 2170 tibi
762 2150 840 2170 vere
866 2139 989 2177 dicere)
1018 2140 1209 2172 Lehmann:
1240 2143 1418 2173 tibi—vere

129 2179 238 2210 dicere
263 2181 648 2222 possum—Wesenberg:
679 2183 745 2220 tibi,
772 2193 849 2212 vere
874 2182 986 2218 dicam,
1017 2181 1137 2213 Orelli:
1153 2184 1232 2222 fort.
1259 2185 1337 2215 libet
1361 2186 1418 2215 tibi

129 2232 207 2252 vere
225 2222 335 2253 dicere
483 2225 673 2255 alacriorem
697 2224 814 2255 Lamb.
835 2236 841 2254 :
864 2225 1022 2254 acriorem
1043 2225 1128 2256 codd.
1306 2229 1344 2257 16
1366 2238 1418 2258 me

129 2263 202 2294 add.
227 2265 311 2305 vulg.
433 2276 474 2296 20
496 2268 596 2307 quod]
624 2268 702 2306 quid
727 2268 825 2307 vulg„
849 2266 904 2296 sed
925 2267 960 2304 cf.
986 2267 1029 2296 vi.
1058 2269 1086 2297 6.
1113 2279 1132 2306 4
1261 2280 1299 2300 21
1326 2271 1420 2301 Gallo

129 2306 268 2336 Caninio
287 2308 450 2338 Corradus
467 2320 473 2339 :
497 2309 591 2339 Gallo
608 2311 715 2340 animo
732 2310 790 2339 M:
816 2309 851 2338 C.
867 2309 978 2338 Annio
997 2309 1030 2348 (i.
1048 2320 1076 2340 e.
1104 2311 1242 2347 Cimbro)
1257 2312 1415 2352 Huschke,

120 2348 200 2385 fort.
218 2352 290 2379 recte
375 2350 404 2380 O
422 2350 494 2381 add.
516 2351 606 2382 Man.
705 2362 754 2390 27,
775 2353 814 2382 28
839 2352 922 2381 idem
940 2353 1026 2390 quod
1045 2356 1089 2382 tu.
1129 2353 1182 2384 Me
1199 2355 1274 2385 coni.
1297 2355 1393 2386 Orelli
