1690 2710
169 123 337 166 lejvi
663 123 716 166 M.
747 130 909 166 TVLLI
940 130 1235 169 CICERONIS

299 235 558 274 meminissem
579 249 640 274 me
666 236 828 274 abusum
849 236 921 275 isto
947 237 1183 286 prohoemio,
1205 237 1353 276 conieci
1378 238 1417 276 id
1436 237 1475 276 in
1495 251 1582 277 eum

298 299 435 336 librum
478 312 592 347 quem
631 298 698 336 tibi
743 298 837 336 misi.
915 300 1014 338 Cum
1052 307 1178 337 autem
1217 300 1256 336 in
1293 300 1379 337 navi
1420 302 1582 349 legerem

298 362 566 410 Academicos,
585 362 749 411 adgnovi
770 370 932 400 erratum
953 377 1092 400 meum.
1138 364 1274 412 Itaque
1294 363 1420 401 statim
1440 377 1582 402 novum

298 426 565 475 prohoemium
594 425 740 464 exaravi
761 433 797 463 et
824 425 892 463 tibi
920 426 1013 464 misi.
1071 428 1132 464 Tu
1158 426 1252 464 illud
1278 427 1486 473 desecabis,
1508 428 1582 464 hoc

298 489 563 538 adglutinabis.
622 489 739 527 Piliae
758 491 917 527 salutem
939 489 1043 528 dices
1064 497 1101 527 et
1120 490 1281 536 Atticae,
1303 490 1448 528 deliciis
1467 497 1583 539 atque
1602 501 1618 531 5

298 552 490 590 amoribus
512 552 615 590 meis.

339 658 428 692 VII
472 661 633 700 Scm'psitn
648 662 772 701 rvzgans
788 661 833 690 ad
846 661 1080 699 Pompeianum
1097 661 1149 691 xiv
1165 661 1206 692 K.
1224 660 1309 701 Sept.
1328 671 1355 691 a.
1378 670 1434 699 710
1451 660 1537 701 (44).

699 735 863 765 CICERO
885 734 1058 764 ATTICO
1079 734 1180 765 SAL.

262 820 279 846 1
349 817 419 841 vm
449 806 541 842 Idus
566 804 690 842 Sextil.
714 818 801 842 cum
827 818 849 841 a
877 806 1114 853 Leucopetra
1138 806 1328 853 profectus
1350 805 1456 854 (inde
1479 786 1594 843 enim⁴

295 868 569 916 tramittebam>
589 867 710 905 stadia
733 866 879 904 circiter
907 878 979 904 CCC
1009 867 1288 915 processissem,
1310 868 1470 906 reiectus
1497 881 1579 905 sum
1603 884 1638 905 10

294 939 421 968 austro
444 930 660 968 vehementi
686 931 735 967 ad
762 930 924 967 eandem
955 931 1242 978 Leucopetram.
1303 930 1362 968 Ibi
1388 944 1475 968 cum
1495 944 1581 968 ven-

295 1001 374 1030 tum
396 1000 651 1042 exspectarem
668 992 760 1040 (erat
780 993 881 1030 enim
899 992 986 1029 villa
1000 992 1127 1030 Valeri
1148 993 1276 1039 nostri,
1293 1001 1333 1031 ut
1352 994 1582 1032 familiariter

294 1070 416 1095 essem
455 1065 491 1095 et
528 1056 718 1105 libenter),
757 1055 894 1103 Regini
928 1055 1084 1103 quidam
1124 1055 1284 1094 illustres
1322 1056 1497 1094 homines
1535 1070 1581 1094 eo

294 1127 479 1158 venerunt
513 1121 639 1157 Roma
675 1131 765 1156 sane
799 1125 980 1165 recentes,
1017 1118 1055 1155 in
1085 1118 1128 1156 iis
1160 1119 1265 1156 Bruti
1294 1119 1412 1157 nostri
1441 1121 1580 1168 hospes

293 1184 358 1232 qui
381 1186 539 1220 Brutum
562 1181 724 1231 Neapoli
744 1181 965 1230 reliquisset.
1026 1183 1136 1219 Haec
1156 1183 1388 1228 adferebant,
1412 1182 1579 1220 edictum
1603 1198 1636 1227 15

292 1246 401 1284 *Bruti
439 1253 475 1283 et
509 1245 626 1290 Cassi,
660 1252 697 1282 et
730 1246 808 1282 fore
842 1245 1079 1293 frequentem
1113 1252 1286 1282 senatum
1328 1245 1524 1291 Kalendis,
1558 1259 1580 1283 a

296 1312 414 1347 Bruto
437 1316 474 1346 et
503 1307 636 1347 Cassio
665 1307 805 1345 litteras
835 1307 967 1344 missas
996 1308 1045 1345 ad
1075 1307 1282 1345 consularis
1309 1315 1345 1345 et
1374 1308 1580 1357 praetorios

294 1380 335 1410 ut
367 1374 545 1410 adessent
581 1384 720 1419 rogare.
779 1372 975 1409 Summam
1015 1383 1121 1419 spem
1160 1370 1387 1408 nuntiabant
1424 1373 1503 1409 fore
1540 1379 1580 1408 ut

295 1435 485 1473 Antonius
515 1436 676 1480 cederet,
707 1447 764 1471 res
793 1434 1022 1480 conveniret,
1054 1433 1171 1471 nostri
1204 1435 1369 1471 Romam
1402 1434 1576 1472 redirent.

296 1499 502 1537 Addebant
523 1497 636 1535 etiam
657 1510 718 1534 me
739 1496 956 1543 desiderari,
978 1485 1229 1534 subaccusari.
1599 1511 1638 1533 20

349 1564 458 1609 Quae
491 1574 578 1598 cum
611 1560 814 1606 audissem,
846 1559 926 1597 sine
960 1562 1036 1597 ulla
1069 1560 1309 1598 dubitatione
1341 1560 1462 1598 abieci
1492 1574 1580 1599 con-

297 1625 420 1662 silium
449 1624 692 1674 profectionis
715 1637 793 1672 quo
817 1637 877 1661 me
901 1625 1054 1661 hercule
1086 1637 1134 1662 ne
1164 1631 1276 1662 antea
1299 1624 1453 1672 quidem
1481 1626 1580 1663 dele-

255 1702 279 1728 2
297 1689 434 1726 ctabar.
494 1687 618 1725 Lectis
638 1700 726 1724 vero
747 1686 819 1724 tuis
847 1686 977 1724 litteris
1002 1687 1209 1725 admiratus
1229 1687 1408 1736 equidem
1435 1701 1519 1726 sum
1543 1696 1580 1726 te

296 1758 372 1789 tam
406 1752 650 1788 vehementer
690 1749 917 1787 sententiam
961 1758 1228 1796 commutasse,
1267 1752 1334 1788 sed
1378 1764 1455 1789 non
1499 1751 1580 1789 sine

295 1828 409 1852 causa
436 1814 652 1857 arbitrabar.
712 1813 802 1859 Etsi,
835 1814 1007 1862 quamvis
1036 1828 1113 1851 non
1143 1814 1256 1851 fueris
1289 1827 1419 1852 suasor
1449 1822 1486 1852 et
1513 1815 1579 1852 im-
1600 1827 1635 1857 25

294 1880 422 1927 pulsor
441 1876 685 1926 profectionis
706 1890 824 1922 meae,
847 1878 1078 1926 adprobator
1097 1885 1198 1915 certe
1218 1877 1330 1924 fuisti,
1349 1879 1440 1915 dum
1462 1880 1578 1916 modo

296 1942 380 1978 Kal.
404 1942 483 1978 Ian.
509 1942 657 1977 Romae
677 1953 810 1977 essem.
871 1942 930 1977 Ita
950 1941 1065 1977 fiebat
1085 1947 1136 1985 ut,
1158 1941 1250 1978 dum
1272 1940 1396 1977 minus
1423 1940 1578 1989 periculi

293 2004 490 2050 videretur,
512 2004 700 2050 abessem,
721 2003 758 2040 in
779 2005 972 2041 flammam
992 2003 1114 2052 ipsam
1134 2003 1312 2041 venirem.
1370 2005 1445 2041 Sed
1471 2004 1576 2049 haec,

293 2067 406 2105 etiam
427 2067 456 2104 si
477 2081 554 2105 non
575 2069 789 2117 prudenter,
806 2074 933 2104 tamen
954 2068 1157 2115 ἀνεμέσητα
1176 2074 1276 2113 sunt,
1289 2066 1452 2115 primum
1472 2068 1576 2115 quod

294 2132 342 2168 de
363 2145 447 2169 mea
467 2132 655 2169 sententia
674 2139 758 2169 acta
778 2139 874 2177 sunt,
897 2131 1038 2169 deinde
1058 2131 1171 2169 etiam
1192 2131 1221 2168 si
1242 2138 1278 2168 te
1297 2139 1464 2178 auctore,
1484 2131 1576 2180 quid
1596 2142 1634 2173 30

253 2195 410 2242 3debet
443 2194 507 2243 qui
542 2194 741 2233 consilium
780 2195 844 2231 dat
878 2202 1064 2243 praestare
1095 2201 1241 2242 praeter
1277 2195 1421 2232 fidem?
1476 2195 1577 2232 Illud

337 2307 354 2334 5
378 2273 514 2326 salutern
530 2296 634 2336 dices]
647 2296 680 2326 S.
696 2296 733 2326 D.
752 2295 790 2324 M
903 2305 940 2324 12
963 2295 1094 2325 suberat
1110 2295 1184 2324 coni.
1202 2294 1320 2324 Miiller
1427 2304 1463 2332 17
1482 2294 1578 2334 prius

292 2344 325 2368 et
342 2339 392 2368 M²
408 2350 413 2368 :
437 2349 501 2369 om.
520 2338 573 2367 M¹
722 2339 757 2368 18
782 2347 897 2376 rogare
914 2337 968 2367 del.
986 2337 1069 2367 Reid
