1720 2710
557 136 667 171 EPP.
697 135 774 170 AD
803 134 1055 172 ATTICVM
1365 138 1450 174 XV.
1465 136 1482 173 i

217 244 436 281 Redeamus
465 244 515 280 ad
544 235 704 279 nostro‘s.
763 243 823 279 De
854 242 992 290 quibus
1026 250 1065 280 tu
1099 243 1241 281 bonam
1272 258 1379 294 spem
1408 251 1447 282 te
1466 254 1490 291 3

164 305 352 354 significas
394 306 533 343 habere
570 311 722 353 propter
759 304 971 341 edictorum
1010 307 1297 344 humanitatem.
1365 310 1447 357 Ego

162 376 290 406 autem
321 367 503 417 perspexi,
529 380 616 405 cum
647 381 669 403 a
696 380 758 404 me
792 379 878 404 xvu
915 370 1002 405 Kal.
1031 370 1079 406 de
1111 372 1322 408 Puteolano
1353 372 1450 407 Nea-

162 431 280 480 polim
319 433 464 468 Pansae
505 429 760 468 conveniendi
799 444 913 467 causa
949 432 1249 479 proficisceretur
1286 432 1445 478 Hirtius,

125 507 317 541 5omnem
356 493 436 531 eius
479 506 642 530 sensum.
706 493 846 530 Seduxi
886 492 987 530 enim
1030 501 1067 531 et
1105 496 1153 532 ad
1193 508 1325 543 pacem
1364 508 1448 531 sum

161 559 390 595 cohortatus.
448 558 537 593 Non
575 563 721 605 poterat
760 556 903 594 scilicet
936 571 1071 606 negare
1105 571 1144 595 se
1174 560 1269 595 velle
1301 571 1446 606 pacem,

161 622 229 658 sed
254 633 332 657 non
359 619 483 656 minus
509 632 549 656 se
575 626 790 656 nostrorum
811 633 915 656 arma
941 620 1072 657 timere
1099 633 1212 668 quam
1233 620 1389 666 Antoni,
1411 627 1448 657 et

161 690 288 719 tamen
308 690 488 730 utrosque
508 695 587 719 non
608 682 689 720 sine
709 695 823 720 causa
843 682 1073 731 praesidium
1095 683 1299 728 habere,se
1318 690 1446 719 autern

160 753 318 794 utraque
338 759 441 782 arrna
461 753 639 783 metuere.
699 746 804 793 Quid
825 745 1002 794 quaeris?
1031 747 1130 783 οὐδὲν
1149 747 1251 797 ὑγιές.

105 822 142 845 ιο
215 811 275 846 De
304 808 450 857 Quinto
477 809 554 846 filio
581 809 649 847 tibi
675 809 880 846 adsentior.
940 810 1039 846 Patri
1062 809 1217 858 quidem
1245 816 1344 846 certe
1369 822 1446 857 gra·
1463 817 1489 853 4

161 872 326 910 tissimae
353 873 474 910 bellae
500 880 587 910 tuae
613 873 757 910 litterae
783 875 944 910 suerunt.
1004 872 1210 911 Caerelliae
1230 886 1318 910 vero
1338 872 1446 909 facile

159 936 247 973 satis
274 935 345 973 feci
360 950 369 982 3
402 949 473 973 nec
499 937 609 973 valde
638 936 808 974 laborare
837 936 930 973 mihi
957 935 1035 973 visa
1064 943 1129 982 est,
1156 943 1192 973 et
1221 936 1251 973 si
1277 935 1348 981 illa,
1375 948 1445 984 ego

160 1006 261 1037 certe
298 1012 376 1036 non
413 1000 634 1036 laborarem.
710 1002 827 1037 Istam
866 1012 954 1036 vero
985 1012 1099 1047 quam
1138 999 1207 1036 tibi
1244 1000 1444 1036 molestam

160 1062 291 1100 scribis
312 1075 394 1100 esse
419 1062 588 1099 auditam
613 1076 635 1099 a
655 1069 692 1100 te
712 1076 794 1100 esse
814 1062 973 1099 omnino
994 1061 1168 1099 demiror.
1223 1063 1324 1098 Nam
1340 1062 1446 1110 quod

103 1135 138 1166 15
159 1138 243 1162 eam
263 1124 490 1162 conlaudavi
509 1126 611 1173 apud
630 1125 774 1162 amicos
800 1124 1044 1162 audientibus
1065 1124 1183 1162 tribus
1204 1124 1288 1162 filiis
1309 1123 1388 1161 eius
1409 1131 1446 1162 et

159 1188 234 1225 filia
254 1195 328 1234 tua,
353 1190 416 1227 †7·‹)
437 1192 474 1224 ἐκ
493 1190 620 1225 τούτου
642 1188 734 1236 quid
755 1195 811 1225 est
830 1189 904 1225 hOC
918 1189 958 1227 ?†

282 1251 408 1298 ‘Quid
429 1258 484 1288 est
503 1252 631 1292 alitem
652 1264 717 1288 cur
738 1263 807 1299 ego
827 1252 1051 1299 personatus
1071 1251 1264 1288 ambulem
1278 1252 1313 1287 ?'

158 1317 346 1352 Parumne
366 1316 478 1352 foeda
498 1327 659 1363 persona
679 1321 735 1351 est
755 1314 872 1363 ipsius
893 1314 1097 1352 senectutis
1110 1316 1127 1351 ?
1166 1315 1283 1361 Quod
1305 1316 1442 1351 Brutus
1461 1322 1485 1360 5

157 1385 262 1427 rogat
287 1385 328 1415 ut
353 1385 441 1415 ante
469 1378 675 1423 Kalendas,
699 1378 747 1415 ad
777 1391 838 1414 me
867 1390 1022 1426 quoque
1051 1377 1198 1426 scripsit
1225 1384 1261 1414 et
1286 1378 1443 1414 fortasse

59 1442 61 1445 ’
101 1454 138 1475 20
156 1442 302 1480 faciam.
364 1444 439 1480 Sed
468 1444 580 1491 plane
609 1442 703 1491 quid
728 1442 817 1480 velit
845 1442 987 1480 nescio.
1045 1442 1149 1490 Quid
1176 1442 1277 1480 enirn
1304 1442 1355 1479 illi
1381 1444 1445 1480 ad-

155 1507 249 1543 ferre
277 1505 411 1543 consili
437 1518 605 1554 possum,
631 1518 718 1542 cum
746 1505 826 1553 ipse
856 1518 985 1553 egeam
1017 1505 1177 1542 consilio
1206 1513 1243 1542 et
1267 1519 1354 1543 cum
1380 1505 1442 1543 ille

154 1582 244 1606 suae
278 1568 549 1606 immortalitati
587 1568 721 1605 melius
759 1582 874 1617 quam
907 1576 1038 1606 nostro
1071 1568 1150 1606 otio
1183 1569 1442 1606 consuluerit?

156 1634 216 1669 De
242 1632 369 1681 regina
394 1645 522 1670 rumor
550 1631 810 1681 exstinguitur.
868 1633 928 1669 De
952 1633 1134 1678 Flamma,
1157 1633 1316 1670 obsecro
1340 1639 1389 1678 te,
1409 1631 1440 1670 si

154 1695 246 1745 quid
266 1703 387 1745 potes.

96 1848 133 1879 25
195 1840 247 1874 Ia
410 1844 477 1874 Ser.
497 1844 528 1872 in
544 1842 741 1873 Sinuessano
756 1854 799 1873 ,vv
815 1843 857 1873 K.
877 1842 950 1874 Ilm.
970 1854 998 1874 a.
1020 1853 1073 1882 710
1091 1844 1177 1885 (44).

545 1928 710 1959 CICERO
740 1928 915 1958 ATTICO
940 1928 1043 1959 SAL.

204 2017 309 2053 Here
335 2016 514 2052 dederam
544 2016 593 2052 ad
616 2022 653 2052 te
676 2015 816 2052 litteras
840 2015 968 2052 exiens
994 2030 1015 2053 e
1036 2019 1248 2055 Puteolano
1271 2019 1437 2055 deverte-
1456 2029 1473 2055 1

150 2091 306 2127 ramque
332 2077 371 2114 in
392 2079 621 2115 Cumanum.
681 2077 741 2115 Ibi
768 2078 867 2115 bene
889 2080 1079 2116 valentem
1099 2079 1267 2118 videram
1288 2080 1432 2118 Piliam.

193 2190 230 2209 10
254 2184 332 2218 grat.
359 2179 464 2209 bellae
480 2179 606 2210 Baiter:
632 2184 714 2218 grat.
742 2185 775 2209 et
798 2180 903 2209 bellae
929 2181 967 2208 M
1112 2183 1148 2211 16
1172 2182 1235 2211 τύδ’
1251 2183 1284 2211 ἐκ
1300 2181 1434 2216 τούτου,-

153 2221 290 2260 Tyrrell:
313 2221 344 2251 τί
359 2222 393 2251 ἐκ
407 2221 539 2255 roth-ov,-
564 2222 690 2260 Kayser
784 2223 821 2251 16
835 2223 913 2259 quid
931 2227 981 2252 est
999 2223 1080 2253 hoc?
1104 2224 1168 2253 secl.
1188 2223 1303 2254 Lamb.
1398 2235 1433 2262 17

149 2275 274 2294 versum
292 2267 396 2302 poetae
411 2264 543 2303 dispexit
558 2263 691 2293 Palmer
797 2274 837 2293 20
854 2264 898 2293 illi
915 2263 966 2292 Μ’·ι
982 2276 989 2295 :
1014 2266 1066 2295 illa
1085 2265 1136 2294 Ml
1259 2277 1297 2305 25
1314 2267 1396 2297 lmnc
1410 2270 1438 2296 et

147 2307 302 2345 sequentis
322 2311 384 2345 epp.
409 2307 505 2335 lucius
527 2306 598 2336 libri
619 2317 682 2336 ztno
705 2310 806 2336 tenore
826 2304 883 2336 dat
901 2305 942 2335 M
1066 2318 1105 2346 27
1132 2308 1222 2338 Here
1241 2309 1284 2339 C:
1312 2308 1434 2338 Hercle

148 2347 188 2378 M
199 2359 205 2377 ι
231 2347 312 2378 Heri
329 2348 457 2378 Ernesti
