1590 2730
502 132 610 168 EPP.
642 132 718 168 AD
748 133 999 171 ATTICVM
1342 138 1433 173 XII.
1455 137 1499 173 lii

113 237 275 275 Plancus
295 244 351 275 est
376 238 565 286 rogandus
594 237 671 275 sive
698 251 773 287 qua
796 253 834 276 re
857 247 966 288 potes
990 241 1095 279 illum
1119 243 1256 288 iuvare,
1279 243 1392 282 iuves.

112 299 279 336 Pertinet
306 301 355 337 ad
383 307 552 337 nostrum
580 300 758 338 officium.
816 302 854 339 Si
881 316 938 339 res
967 303 1035 340 tibi
1064 306 1158 342 forte
1187 305 1312 342 notior
1339 313 1395 343 cst

110 374 225 410 quam
246 361 349 408 mihi,
369 370 434 400 aut
456 362 487 400 si
510 364 693 400 Plancum
723 366 933 413 rogandum
963 373 1081 414 putas,
1105 367 1245 404 scribas
1264 369 1313 405 ad
1334 381 1395 405 me

109 424 221 462 velim
242 432 283 462 ut
303 425 395 474 quid
414 425 466 463 rei
486 425 532 463 sit
552 433 588 463 et
608 426 701 475 quid
721 429 933 476 rogandum
960 429 1087 466 sciam.
1146 432 1206 467 De
1234 431 1394 479 epistula
1411 445 1433 471 2

73 499 88 529 5
108 488 158 525 ad
188 488 389 526 Caesarem
413 488 506 537 quid
531 489 858 538 egeris-exspecto.
919 493 978 529 De
1008 492 1099 529 Silio
1127 506 1205 530 non
1229 493 1280 531 ita
1303 507 1393 532 sane

109 550 251 589 laboro,
307 552 368 588 Tu
394 541 446 588 mi
473 559 538 588 aut
567 553 801 601 Scapulanos
830 561 895 591 aut
923 555 1132 593 Clodianos
1165 556 1304 594 efficias
1332 571 1394 595 ne-

108 625 214 650 cesse
250 620 316 651 est.
374 615 450 651 Sed
483 614 612 652 nescio
647 615 740 664 quid
774 616 914 655 videris
944 618 1118 655 dubitare
1151 610 1393 666 deClodiag

108 682 233 712 utrum
254 677 409 724 quando
429 676 554 714 veniat
573 690 622 714 an
643 678 768 716 sintne
787 681 968 717 venales?
1005 681 1080 717 Sed
1101 680 1193 729 quid
1213 688 1269 718 est
1288 684 1393 730 quod

107 737 222 776 audio
243 738 483 787 Spintherem
503 739 636 778 secisse
657 741 893 779 divortium?

52 814 89 835 10
161 803 221 838 De
253 801 380 850 lingua
411 802 546 841 Latina
583 805 703 842 securi
742 819 782 843 es
819 805 946 843 animi.
1014 807 1140 852 Dices,
1174 807 1275 855 ‘Qui
1304 809 1432 850 talia3

106 863 362 901 conscribis?'
417 867 636 917 Ἀπόγραφα
664 875 761 913 sunt,
794 868 940 906 minore
969 869 1097 907 labore
1126 871 1244 915 fiunt3
1278 872 1391 909 verba

106 934 255 964 tantum
273 929 404 966 adfero
424 929 562 978 quibus
582 931 749 969 abundo.

147 1072 254 1106 LIII
376 1076 444 1107 Ser.
462 1078 494 1106 in
518 1078 697 1108 Tusculano
711 1079 749 1109 xi
760 1079 801 1109 K.
823 1079 898 1110 Iun.
915 1090 945 1110 a.
966 1088 1023 1119 709
1043 1079 1121 1119 (45).

494 1163 658 1193 CICERO
689 1164 864 1194 ATTICO
894 1164 995 1195 SAL.

49 1257 84 1288 15
158 1250 240 1298 Ego
268 1249 337 1286 etsi
361 1250 455 1286 nihil
482 1250 607 1287 habeo
633 1252 737 1299 quod
763 1252 813 1288 ad
839 1258 876 1288 te
904 1250 1078 1298 scribam,
1105 1252 1228 1289 scribo
1260 1260 1387 1291 tamen

103 1311 192 1360 quia
225 1320 351 1350 tecum
381 1313 486 1362 loqui
519 1313 659 1350 videor.
719 1313 797 1350 Hic
830 1313 1032 1351 nobiscum
1066 1322 1153 1351 sunt
1187 1315 1316 1352 Nicias
1350 1323 1386 1353 et

102 1375 284 1413 Valerius.
357 1377 488 1414 Hodie
525 1384 608 1414 tuas
641 1377 780 1414 litteras
819 1378 1132 1426 exspectabamus
1171 1378 1384 1416 matutinas.

104 1440 225 1476 Erunt
251 1441 407 1477 fortasse
435 1442 573 1478 alterae
600 1440 914 1489 posmeridianae,
937 1440 1008 1477 nisi
1033 1447 1069 1478 te
1091 1440 1306 1489 Epiroticae
1335 1441 1389 1478 lit-

103 1508 202 1539 terae
226 1501 436 1551 impedient
456 1516 550 1551 quas
579 1517 649 1551 ego
679 1517 757 1541 non
787 1502 997 1551 interpello.
1056 1503 1145 1539 Misi
1171 1505 1220 1540 ad
1250 1511 1285 1540 te
1315 1504 1388 1553 epi-

45 1576 83 1596 20
103 1566 218 1602 stulas
238 1567 286 1602 ad
315 1566 553 1603 Marcianum
585 1574 621 1604 et
654 1567 703 1604 ad
732 1568 974 1604 Montanum.
1044 1568 1119 1603 Eas
1150 1566 1187 1603 in
1221 1568 1385 1605 eundem

102 1629 324 1666 fasciculum
344 1629 456 1667 velim
476 1631 605 1675 addas,
630 1629 700 1666 nisi
721 1631 815 1667 forte
836 1629 910 1666 iam
931 1628 1080 1666 dedisti.

148 1742 185 1761 10
209 1735 260 1760 est
277 1731 317 1760 M
335 1731 498 1770 (superscr.
522 1731 590 1761 ‘vel
612 1741 647 1760 es
658 1731 701 1769 ’):
727 1736 798 1761 esto
825 1731 950 1760 mavult
967 1730 1050 1760 Boot
1201 1741 1238 1760 12
1261 1735 1385 1760 tantum

104 1773 145 1803 C:
170 1778 278 1803 tamen
296 1772 335 1802 M
570 1774 607 1803 18
632 1773 897 1812 posmeridianae
915 1772 1009 1811 codd„
1029 1774 1064 1812 cf.
1087 1772 1175 1803 Orat.
1197 1783 1272 1811 157:
1298 1778 1384 1811 post-

100 1816 300 1846 meridianae
317 1816 402 1855 vulg.
