1590 2730
585 587 751 624 LIBER
781 585 1142 623 DVODECIMVS

631 703 729 749 AD
769 701 1094 748 ATTICVM

258 828 281 866 Ῑ
496 832 561 864 Scr.
581 833 613 863 in
631 833 785 873 Arpinati
798 833 852 863 viii
865 832 904 862 K.
923 832 992 863 Dec.
1012 842 1040 862 a.
1063 834 1121 869 708
1138 833 1219 870 (465.

617 924 787 954 CICERO
819 923 983 953 ATTICO
1016 923 1110 953 SAL.

187 1020 203 1046 1
273 1009 497 1044 VNDEciMO
526 1005 600 1052 die,
629 1013 832 1054 postquam
861 1018 882 1041 a
911 1013 947 1042 te
976 1004 1233 1050 discesseram,
1266 1005 1338 1042 hoc
1364 1004 1504 1042 litteru-

220 1072 339 1108 larum
374 1069 519 1107 exaravi
553 1068 750 1117 egrediens
784 1082 804 1105 e
834 1068 921 1105 villa
953 1075 1041 1105 ante
1070 1070 1194 1105 lucem
1224 1074 1338 1115 atque
1366 1080 1413 1105 eo
1441 1067 1503 1105 die

220 1133 434 1181 cogitabam
466 1132 504 1168 in
538 1131 755 1179 Anagnino,
784 1138 937 1179 postero
965 1138 1093 1168 autem
1122 1130 1159 1167 in
1189 1132 1420 1177 Tusculano,
1450 1130 1502 1168 ibi
1523 1142 1538 1172 5

220 1209 340 1233 unum
377 1195 504 1239 diem3
551 1207 574 1230 v
614 1196 777 1231 Kalend.
818 1193 928 1241 igitur
961 1195 1009 1231 ad
1047 1193 1307 1230 constitutum.
1376 1194 1522 1242 Atque·

220 1259 365 1296 utinam
385 1257 569 1295 continuo
595 1258 643 1294 ad
673 1258 914 1304 complexum
945 1269 1051 1293 meae
1072 1255 1229 1300 Tulliae,
1252 1257 1301 1293 ad
1329 1257 1502 1293 osculum

220 1321 369 1358 Atticae
406 1320 547 1369 possim
593 1322 761 1356 currere!
836 1320 953 1366 Quod
1000 1318 1155 1367 quidem
1200 1318 1324 1366 ipsum
1368 1318 1501 1364 scribe,

219 1398 372 1433 quaeso,
394 1385 443 1420 ad
473 1396 534 1420 me
562 1390 613 1428 ut,
635 1383 727 1420 dum
758 1382 925 1419 consisto
955 1381 993 1418 in
1013 1383 1244 1427 Tusculano,
1267 1381 1383 1418 sciam
1410 1381 1503 1431 quid

218 1447 363 1495 garriat,
386 1447 443 1483 sin
468 1446 675 1490 rusticatur‚
699 1445 791 1493 quid
818 1445 956 1482 scribat
975 1446 1025 1482 ad
1051 1452 1112 1490 te3
1140 1444 1251 1493 eique
1277 1444 1420 1482 interea
1438 1453 1503 1483 aut
1523 1459 1561 1481 10

219 1510 359 1548 scribes
393 1511 552 1546 salutem
586 1516 650 1545 aut
682 1508 873 1545 nuntiabis
904 1508 1072 1556 itemque
1108 1507 1234 1545 Piliae.
1294 1510 1342 1545 Et
1376 1515 1502 1546 tamen

218 1573 286 1611 etsi
325 1572 509 1609 continuo
544 1570 779 1619 congressuri
814 1583 955 1615 sumus,
990 1570 1130 1607 scribes
1167 1571 1217 1607 ad
1251 1584 1311 1608 me
1349 1571 1379 1608 si
1410 1572 1502 1620 quid

220 1635 389 1672 habebis.

177 1708 202 1735 2
273 1699 372 1736 Cum
393 1696 660 1746 complicarem
688 1697 786 1734 hanc
813 1697 1025 1746 epistulam,
1048 1700 1343 1738 noctuabundus
1369 1702 1418 1738 ad
1443 1713 1502 1737 me

217 1761 320 1798 venit
350 1774 437 1797 cum
471 1759 632 1808 epistula
667 1767 729 1796 tua
764 1761 1004 1801 tabellarius:
1042 1775 1116 1810 qua
1147 1765 1244 1800 lecta
1276 1764 1325 1800 de
1353 1763 1503 1800 Atticae
1523 1774 1558 1804 15

217 1823 398 1861 febricula
426 1822 569 1859 scilicet
598 1824 707 1859 valde
736 1823 853 1860 dolui.
914 1824 1077 1873 Reliqua
1105 1839 1202 1873 quae
1235 1826 1501 1874 exspectabam

216 1901 261 1924 ex
281 1887 353 1924 tuis
373 1886 503 1924 litteris
532 1887 693 1936 cognovi
715 1887 866 1933 omnia3
897 1889 964 1925 sed
988 1890 1092 1936 quod
1119 1889 1249 1926 scribis
1273 1889 1502 1937 ‘igniculum

216 1949 444 1986 matutinum
474 1952 698 2000 γεροντικόν,’
729 1952 1021 2001 γεροντικώτερον
1050 1958 1106 1988 est
1140 1952 1362 1989 memoriola
1393 1951 1502 1989 vacil-

214 2014 300 2049 lare.
360 2014 441 2061 Ego
475 2013 577 2050 enirn
608 2026 668 2050 1111
702 2015 786 2050 Kal.
818 2013 916 2051 Axio
947 2015 1137 2059 dederam,
1169 2014 1237 2052 tibi
1267 2027 1323 2061 111,
1355 2014 1502 2062 Quinto

215 2088 292 2123 quo
321 2075 383 2113 die
413 2076 612 2121 venissem,
636 2076 674 2113 id
699 2084 754 2113 est
775 2088 798 2112 V
821 2078 904 2113 Kal.
965 2079 1053 2113 Hoc
1083 2077 1193 2125 igitur
1220 2077 1390 2123 habebis,
1413 2077 1501 2115 novi
1522 2088 1558 2109 ²0

262 2187 273 2206 1
299 2176 463 2215 Epistulas
479 2176 577 2206 lmizts
594 2177 666 2206 libri
677 2176 782 2206 omnis
799 2187 864 2206 nizo
880 2180 981 2206 tenore
996 2177 1155 2217 coniungit
1170 2177 1215 2208 M,
1262 2178 1302 2208 In
1318 2179 1503 2217 separandis

214 2220 351 2257 epislulis
373 2219 527 2248 librorum
551 2219 598 2248 xii
618 2223 644 2248 et
665 2219 725 2248 xiii
745 2223 872 2257 operam
896 2223 1095 2249 navaverunt
1115 2220 1307 2250 luculentam
1329 2219 1456 2250 Schiche
1475 2223 1504 2250 et

214 2261 367 2296 Schmidt,
386 2271 464 2299 quos
480 2261 563 2290 viros
578 2260 682 2290 doctos
699 2261 826 2290 libenter
833 2261 1022 2300 plerumque
1035 2265 1158 2291 secutus
1172 2272 1246 2292 sum
1344 2272 1380 2300 14
1404 2268 1500 2292 noctu

215 2303 428 2340 vagabundus
444 2303 519 2333 coni.
540 2303 625 2332 Reid
733 2305 771 2333 18
793 2302 974 2341 Ὑεροντικόν
990 2303 1062 2333 add.
1079 2303 1107 2332 L
1124 2305 1262 2343 (inaug.)
1373 2315 1414 2334 20
1437 2315 1500 2343 quo

216 2346 267 2377 die
285 2345 322 2374 I:
347 2345 493 2388 quotidie
512 2344 551 2377 M
634 2355 655 2374 v
671 2345 755 2375 codd.
777 2344 827 2384 (cf.
846 2345 864 2376 Ι.
883 2347 938 2376 6“);
966 2355 988 2375 11
1006 2346 1054 2375 vel
1068 2346 1150 2388 prid.
1167 2346 1233 2376 cdd.
