1690 2710
114 129 219 166 XVI.
240 131 313 166 xvi
331 142 352 166 Β
611 131 664 167 M.
695 131 858 166 TVLLI
888 129 1183 168 CICERONIS

260 238 382 287 posita
411 245 498 275 sunt
528 251 603 275 non
634 245 837 283 serventur,
866 251 1042 287 magnam
1072 238 1395 287 perturbationem
1424 251 1547 275 rerum

214 302 348 343 9s01·e.
413 301 603 350 Equidem
642 315 729 338 cum
767 303 886 339 multa
912 300 1033 350 (quod
1071 313 1227 338 necesse
1263 308 1342 338 erat
1373 301 1412 338 in
1445 308 1549 338 tanta
1590 318 1595 339 ι

262 364 531 413 occupatione)
561 378 639 401 non
673 365 881 413 probentur
907 377 1005 413 quae
1038 365 1179 403 Caesar
1210 363 1391 410 statuerit,
1421 371 1549 402 tamen

261 427 314 464 oti
347 427 527 475 pacisque
565 440 679 464 causa
714 427 895 465 acerrime
927 427 991 465 illa
1023 428 1127 464 soleo
1160 427 1375 464 defendere.
1434 427 1550 474 Quod

262 489 330 527 tibi
350 490 452 527 idem
474 502 612 538 magno
632 502 746 538 opere
767 489 985 527 faciendum
1012 502 1151 527 censeo
1166 504 1175 536 3
1204 502 1437 537 quamquam
1456 489 1551 526 haec
1570 500 1586 530 5

262 552 422 601 epistula
448 566 525 589 non
556 552 718 590 suasoris
744 559 800 589 est
826 553 893 589 sed
921 551 1112 600 rogatoris.
1172 551 1299 599 Igitur,
1322 550 1373 587 mi
1398 552 1548 597 Plance,

262 628 353 663 rogo
382 623 418 652 te
447 622 483 652 et
512 615 626 652 etiam
659 628 736 660 oro,
768 615 820 651 sic
859 614 1007 651 medius
1042 613 1154 651 fidius
1183 621 1223 650 ut
1252 613 1393 651 maiore
1424 614 1550 652 studio

263 677 457 726 magisque
484 691 528 714 ex
553 677 682 714 animo
708 690 816 725 agere
843 690 921 714 non
948 676 1101 725 possim,
1125 684 1166 713 ut
1192 683 1314 712 totum
1341 677 1414 713 hoc
1440 689 1551 724 nego-

261 741 356 777 tium
386 740 437 778 ita
468 753 566 789 agas,
598 740 649 777 ita
677 731 901 785 tracteSJita
931 739 1110 777 conficias
1143 747 1194 785 ut,
1226 740 1330 787 quod
1361 739 1442 776 sine
1475 741 1550 776 ulla

244 803 501 853 ¹dubitatione
542 804 644 851 apud
682 805 858 840 consules
900 803 1136 840 obtinuimus
1173 810 1325 851 propter
1362 815 1549 839 summam
1572 819 1609 840 10

262 866 472 903 bonitatem
501 873 538 903 et
560 865 790 914 aequitatem
820 878 966 910 causae,
996 865 1034 902 id
1063 873 1103 902 tu
1132 879 1201 902 nos
1235 865 1444 902 obtinuisse
1472 878 1549 902 non

262 931 380 967 modo
400 928 509 966 facile
528 929 671 978 patiare
691 929 758 966 sed
779 928 891 966 etiam
912 929 1088 977 gaudeas.
1139 930 1227 975 Qua
1247 929 1401 976 quidem
1422 930 1550 965 volun-

263 1000 338 1030 tate
368 997 399 1029 te
427 1005 509 1030 esse
537 1004 625 1041 erga
653 992 824 1029 Atticum
855 1004 968 1040 saepe
997 1005 1175 1040 praesens
1206 999 1242 1029 et
1272 991 1322 1028 illi
1352 992 1550 1029 ostendisti

262 1063 298 1093 et
319 1068 406 1092 vcro
430 1055 543 1092 etiam
568 1054 671 1092 mihi.
731 1055 847 1102 Quod
867 1054 897 1091 si
918 1054 1059 1099 feceris,
1084 1068 1144 1091 me
1164 1068 1279 1102 quem
1299 1056 1492 1091 voluntate
1515 1061 1552 1091 et

263 1127 418 1167 paterna
444 1118 725 1156 necessitudine
752 1118 1000 1154 coniunctum
1030 1131 1179 1166 semper
1198 1117 1363 1154 habuisti
1387 1117 1552 1155 maximo
1574 1132 1609 1162 15

263 1182 451 1219 beneficio
475 1181 696 1219 devinctum
725 1180 884 1218 habebis
906 1180 1021 1228 idque
1046 1188 1085 1217 ut
1115 1180 1229 1218 facias
1254 1188 1289 1217 te
1310 1182 1552 1218 vehementer

262 1245 375 1283 etiam
395 1252 510 1294 atque
530 1244 643 1282 etiam
665 1257 765 1293 rogo.

884 1393 928 1430 C.

613 1477 681 1508 Scr.
697 1477 803 1508 codem
820 1481 953 1516 {mipore
968 1488 1029 1517 qno
1044 1483 1088 1517 ep.
1107 1479 1145 1507 16
1161 1478 1199 1517 Β

567 1553 738 1583 CICERO
771 1552 985 1583 CAPITONI
1019 1553 1106 1583 SVO
1139 1553 1232 1584 SAL.
1573 1565 1612 1586 20

200 1639 245 1666 10
318 1631 539 1678 Numquam
573 1628 700 1677 putavi
734 1629 812 1665 fore
846 1636 886 1665 ut
920 1630 1077 1677 supplex
1110 1630 1159 1666 ad
1192 1636 1228 1666 te
1257 1629 1447 1677 venirem3
1485 1632 1552 1668 sed

263 1694 416 1731 hercule
435 1692 544 1729 facile
564 1691 686 1740 patior
701 1692 833 1729 datum
853 1698 1003 1740 tempus
1024 1691 1062 1728 in
1084 1705 1160 1740 quo
1180 1705 1348 1730 amorem
1369 1693 1553 1742 experirer

263 1764 381 1793 tuum.
440 1755 610 1792 Atticum
632 1754 763 1803 quanti
784 1754 919 1792 faciam
946 1755 1028 1792 scis.
1086 1756 1240 1792 Amabo
1260 1763 1305 1801 te,
1329 1757 1378 1793 da
1404 1756 1496 1792 mihi
1516 1763 1552 1793 et

264 1820 348 1864 hoc,
376 1818 598 1856 obliviscere
631 1831 716 1855 mea
745 1831 859 1855 causa
889 1818 994 1854 illum
1028 1818 1236 1866 aliquando
1268 1832 1338 1855 suo
1368 1818 1549 1864 familiari,

263 1881 476 1919 adversario
509 1889 575 1918 tuo
608 1881 772 1919 voluisse
809 1883 1036 1927 consultum,
1070 1895 1157 1918 cum
1196 1882 1294 1919 illius
1327 1882 1552 1919 existimatio
1574 1895 1610 1925 25

263 1953 445 1993 ageretur.
511 1947 600 1982 Hoc
638 1945 801 1994 primum
841 1945 1035 1994 ignoscere
1073 1954 1128 1983 est
1159 1946 1405 1983 humanitatis
1442 1954 1553 1992 tuae3

263 2022 352 2046 suos
378 2009 479 2046 enim
504 2011 665 2059 quisque
688 2012 803 2048 debet
824 2010 941 2052 tueri;
970 2011 1111 2048 deinde
1138 2010 1165 2046 si
1192 2024 1252 2048 me
1277 2024 1382 2048 amas
1403 2010 1552 2059 (omitte

264 2073 462 2122 Atticum),
497 2075 672 2113 Ciceroni
705 2083 771 2112 tuo
800 2089 914 2123 quem
949 2075 1079 2123 quanti
1111 2074 1225 2112 facias
1258 2088 1346 2124 prae
1379 2082 1416 2112 te
1453 2076 1550 2111 soles

264 2137 357 2173 ferre
387 2144 508 2174 totum
536 2139 609 2176 hoc
636 2139 685 2175 da
710 2146 750 2175 ut
777 2139 881 2186 quod
909 2151 1057 2187 semper
1077 2137 1284 2175 existimavi
1311 2151 1413 2175 nunc
1439 2139 1551 2186 plane

310 2247 321 2266 1
348 2238 515 2277 magnam]
538 2238 588 2267 lu'c
608 2237 706 2276 deficit
726 2238 765 2267 M
783 2241 818 2267 ul
832 2248 920 2268 nnuc
932 2242 987 2274 est,
1004 2237 1061 2268 sed
1069 2239 1195 2277 perizsse
1209 2237 1333 2268 videtur
1336 2238 1459 2277 folium
1476 2237 1549 2267 ulte·-

265 2290 358 2308 mum
447 2290 462 2318 7
483 2284 556 2319 post
573 2281 669 2310 etiam
687 2280 759 2310 add.
774 2285 872 2318 atque
889 2281 986 2310 etiam
1006 2280 1124 2310 Mrae'ller
1230 2290 1267 2319 13
1290 2285 1323 2311 te
1339 2279 1413 2310 add.
1430 2280 1546 2311 Lamb.

265 2330 302 2358 27
327 2322 440 2350 omitto
458 2322 532 2351 com'.
551 2321 633 2351 Boot
761 2332 802 2361 29
826 2323 866 2352 da
887 2333 915 2352 v.
931 2333 953 2352 c.
982 2321 1009 2351 L
1030 2323 1166 2362 (flung)
1185 2317 1227 2351 ΖΒ
1245 2334 1250 2353 :
1273 2332 1335 2352 om.
1354 2322 1440 2363 vulg.
