1690 2710
565 125 674 161 EPP.
705 125 780 160 AD
810 125 1060 163 ATTICVM
1354 126 1438 161 XV.
1461 123 1549 163 xiii.

228 231 338 269 Haec
367 244 455 269 cum
488 231 701 277 scriberem,
733 238 881 269 tantum
909 233 1016 281 quod
1043 231 1306 270 existimabam
1338 232 1388 269 ad
1420 237 1497 278 te7

173 294 385 333 orationem
405 307 487 332 esse
502 295 695 342 perlatam.
748 294 840 341 Hui,
856 308 971 343 quam
992 295 1109 333 timeo
1129 295 1223 344 quid
1243 295 1433 332 existimes
1450 297 1457 332 !

175 357 257 395 Etsi
282 357 375 406 quid
401 359 449 395 ad
476 358 565 394 me?
594 370 692 405 quae
720 370 799 394 non
824 357 869 395 sit
892 359 990 395 foras
1020 358 1215 407 proditura
1243 358 1314 395 nisi
1335 372 1373 396 re
1393 371 1458 407 pu-

173 419 274 457 blica
292 419 508 468 reciperata.
568 421 628 456 De
647 432 725 468 quo
745 419 838 468 quid
858 433 1005 469 sperem
1026 434 1103 458 non
1124 422 1249 459 audeo
1270 420 1443 459 scribere.

134 534 152 567 5
215 522 322 557 XIV
430 525 498 557 διν.
514 525 546 556 in
568 525 751 557 Tusculano
767 538 786 557 v
801 527 842 557 K.
863 527 971 566 Quint.
992 538 1021 558 α.
1043 537 1098 566 710
1116 528 1202 568 (44).

569 601 736 632 CICERO
758 602 932 632 ATTICO
954 603 1058 634 SAL.

224 682 262 707 vl
295 671 457 708 Kalend.
487 671 618 720 accepi
646 684 668 708 a
698 672 899 709 Dolabella
926 672 1076 710 litteras.
1135 674 1307 720 Quarum
1337 685 1456 710 exem·
1476 681 1494 709 1

171 734 277 782 plum
305 733 374 771 tibi
403 733 498 771 misi.
557 735 603 771 In
632 734 770 783 quibus
800 742 877 772 erat
905 735 1034 773 omnia
1062 749 1101 774 se
1130 736 1263 774 fecisse
1291 748 1388 785 quae
1417 742 1457 773 tu

171 797 296 834 velles.
364 796 498 834 Statim
536 796 570 834 ei
607 796 778 846 rescripsi
816 805 852 835 et
890 798 1016 836 multis
1054 798 1177 836 verbis
1214 798 1349 847 gratias
1387 797 1454 847 egi.

115 873 154 896 10
172 859 248 897 Sed
285 866 413 897 tamen
450 872 499 897 ne
536 860 731 898 miraretur
767 874 833 898 cur
869 861 971 899 idern
1008 861 1143 899 iterum
1177 863 1351 907 facerem,
1383 862 1457 898 hoc

171 935 307 960 causae
327 922 471 972 sumpsi
491 924 596 972 quod
622 937 666 961 ex
691 931 727 961 te
753 924 836 973 ipso
855 937 981 962 coram
1005 932 1117 963 antea
1136 925 1229 962 nihil
1249 924 1458 974 potuissem

171 998 411 1034 cognoscere.
469 987 544 1024 Sed
565 987 656 1035 quid
678 989 823 1025 multa?
851 988 990 1025 litteras
1010 989 1084 1026 hoc
1104 990 1278 1037 exemplo
1299 988 1388 1026 dedi
1407 1003 1414 1025 ε

356 1050 583 1088 ‘CICERO
619 1051 980 1089 DOLABELLAE
1010 1052 1118 1090 COS.
1154 1052 1265 1089 SVO.

171 1114 297 1151 Antea
324 1125 412 1150 cum
444 1112 574 1150 litteris
597 1113 714 1151 Attici
742 1113 860 1151 nostri
888 1115 936 1152 de
965 1121 1029 1152 tua
1057 1127 1207 1151 summa
1235 1113 1456 1152 liberalitate
1475 1122 1499 1150 2

116 1191 152 1222 15
172 1189 400 1225 summoque
430 1190 516 1225 erga
544 1190 583 1214 se
612 1176 799 1214 beneficio
827 1176 962 1214 certior
990 1179 1110 1215 factus
1139 1191 1261 1215 essem
1291 1191 1456 1227 cumque

171 1248 211 1277 tu
233 1240 312 1289 ipse
332 1240 445 1277 etiam
466 1241 515 1277 ad
536 1253 596 1277 nie
616 1239 826 1288 scripsisses
846 1247 882 1277 te
902 1240 1036 1278 fecisse
1055 1254 1099 1278 ea
1120 1254 1217 1289 quae
1236 1254 1306 1279 nos
1322 1240 1457 1279 voluis-

172 1316 308 1349 semus,
331 1302 389 1352 egi
416 1302 483 1340 tibi
512 1302 647 1351 gratias
676 1315 742 1350 per
769 1302 909 1339 litteras
936 1302 979 1339 iis
1005 1303 1128 1340 verbis
1152 1310 1193 1340 ut
1221 1303 1456 1353 intellegeres

170 1365 264 1403 nihil
294 1373 330 1403 te
364 1365 457 1402 mihi
486 1365 626 1415 gratius
659 1366 780 1402 facere
813 1364 991 1413 potuisse.
1050 1367 1188 1404 Postea
1220 1380 1308 1404 vero
1341 1381 1456 1415 quarn

170 1428 250 1477 ipse
278 1428 427 1466 Atticus
460 1430 509 1466 ad
538 1442 599 1466 me
628 1428 730 1465 venit
762 1427 800 1464 in
828 1429 1090 1465 Tusculanum
1121 1429 1232 1467 huius
1265 1429 1376 1467 unius
1406 1429 1456 1467 rei

115 1507 153 1530 20
171 1506 284 1531 causa
312 1492 380 1530 tibi
409 1500 449 1530 ut
477 1494 580 1541 apud
609 1506 669 1530 me
692 1491 827 1541 gratias
852 1499 987 1541 ageret,
1010 1492 1116 1529 cuius
1142 1493 1318 1531 eximiam
1342 1507 1456 1543 quan-

171 1557 259 1593 dam
280 1563 316 1593 et
335 1555 598 1593 admirabilem
619 1555 657 1592 in
678 1568 791 1593 causa
806 1554 1005 1592 Buthrotia
1023 1557 1257 1593 voluntatem
1278 1563 1315 1594 et
1335 1556 1456 1605 singu-

171 1621 286 1657 larem
315 1632 402 1668 erga
427 1632 466 1657 se
493 1632 663 1657 amorem
692 1617 952 1668 perspexisset,
982 1618 1099 1655 teneri
1126 1632 1203 1656 non
1232 1619 1338 1668 potui
1364 1619 1455 1668 quin

171 1681 238 1719 tibi
258 1681 422 1731 apertius
438 1681 532 1719 illud
552 1681 654 1719 idem
674 1681 732 1718 his
752 1681 883 1719 litteris
903 1682 1143 1719 declararem.
1203 1684 1259 1719 Ex
1279 1682 1456 1720 omnibus

171 1744 283 1791 enim,
312 1744 364 1782 mi
396 1745 607 1791 Dolabella,
636 1744 769 1783 studiis
798 1745 836 1781 in
866 1758 927 1782 me
956 1752 992 1782 et
1021 1744 1153 1782 officiis
1182 1758 1279 1793 quae
1308 1758 1457 1783 summa

115 1822 153 1854 ²5
172 1816 259 1846 sunt
288 1809 361 1845 hoc
390 1808 484 1846 scito
513 1808 605 1845 mihi
634 1816 670 1846 et
699 1808 974 1857 amplissimum
1001 1807 1118 1846 videri
1144 1815 1182 1846 et
1203 1808 1455 1856 gratissimum

171 1885 253 1909 esse
273 1873 377 1921 quod
397 1872 595 1921 perfeceris
619 1879 659 1909 ut
679 1872 828 1909 Atticus
856 1872 1087 1920 intellegeret
1108 1880 1293 1920 quantum
1317 1885 1387 1921 ego
1406 1879 1453 1918 te,

171 1943 356 1984 quantum
386 1942 426 1972 tu
454 1949 515 1973 me
543 1948 699 1973 amares.
757 1936 875 1982 Quod
904 1935 1090 1983 reliquum
1121 1942 1186 1981 est,
1217 1935 1454 1972 Buthrotiam
1473 1944 1497 1982 3

171 2006 208 2036 et
227 2011 379 2036 causam
400 2005 437 2036 et
456 1998 657 2045 civitatem,
676 2011 908 2047 quamquam
928 2011 950 2035 a
970 2006 1006 2036 te
1026 1998 1231 2036 constituta
1251 2006 1307 2035 est
1328 1999 1457 2048 (bene-

171 2061 256 2099 ficia
274 2069 402 2100 autern
428 2069 555 2100 nostra
582 2061 675 2099 tueri
702 2061 896 2111 solemus),
919 2069 1047 2099 tamen
1067 2061 1179 2099 velim
1206 2069 1396 2111 receptam
1417 2061 1455 2099 in

114 2138 154 2168 30
172 2126 287 2162 fidem
308 2132 411 2162 tuam
430 2138 452 2162 a
478 2138 615 2173 meque
639 2125 752 2163 etiam
778 2132 892 2173 atque
918 2124 1032 2161 etiam
1059 2125 1125 2162 tibi
1146 2126 1455 2162 commendatam

170 2188 393 2226 auctoritate
423 2195 460 2226 et
488 2188 627 2226 auxilio
655 2196 721 2226 tuo
754 2196 893 2226 tectam
923 2188 1014 2226 velis
1045 2201 1136 2226 esse.
1195 2189 1291 2227 Satis
1320 2187 1388 2226 erit
1416 2188 1455 2226 in

214 2300 232 2319 2
257 2289 424 2328 perlatam.
467 2289 534 2320 Hui
548 2290 585 2321 C:
610 2291 726 2329 perhui
743 2290 805 2321 0¹:
830 2290 963 2329 praebui
976 2289 1029 2320 M:
1054 2291 1155 2329 perP
1235 2299 1255 2329 3
1272 2291 1364 2330 quid]
1377 2292 1456 2330 quid

172 2332 204 2362 id
221 2332 403 2371 Wesenberg
487 2342 528 2363 20
551 2333 642 2363 cuius
656 2334 753 2363 Rom.
772 2343 778 2361 t
804 2337 838 2362 ut
853 2337 919 2362 tum
939 2331 987 2360 M¹
1077 2343 1116 2362 22
1141 2341 1220 2369 erga
1236 2343 1271 2362 se
1289 2333 1355 2364 M⁷z
1378 2344 1456 2373 erga

172 2384 223 2405 me
237 2371 274 2404 Ζ(
291 2378 319 2404 et
333 2374 384 2404 M·-¹
400 2374 535 2414 (aliter):
559 2385 636 2413 erga
653 2386 670 2405 e
686 2375 739 2404 M¹
828 2384 868 2412 24
887 2379 962 2414 post
975 2375 1090 2405 officiis
1104 2375 1178 2405 add.
1193 2375 1257 2405 tuis
1277 2375 1459 2416 Wesenberg
