1590 2730
510 130 621 167 EPP.
651 130 728 166 AD
757 132 1008 170 ATTICVM
1362 138 1429 175 IX.
1452 135 1542 174 xvii

186 286 318 320 XVII
423 289 490 320 Ser.
509 289 541 319 in
558 289 731 319 Fomniauo
748 291 781 319 vi
792 290 834 320 K.
856 291 937 330 Aps:
956 302 987 321 a.
1008 302 1059 330 70)-
1076 293 1160 332 (49).

547 374 711 404 CICERO
733 374 906 406 ATTICO
927 375 1028 406 SAL.

195 449 418 487 Trebatium
446 461 486 486 vl
518 451 619 496 Ka1.,
646 463 722 498 quo
752 450 814 488 die
842 452 910 487 has
939 451 1079 488 litteras
1108 452 1208 498 dedi,
1240 461 1428 501 exspecta·
1446 463 1463 489 1

143 512 242 550 bam.
300 515 357 550 Ex
377 513 457 550 eius
477 512 613 550 nuntio
635 513 809 561 Matique
829 513 960 551 litteris
981 514 1194 552 meditabor
1214 528 1290 563 quo
1310 517 1428 553 modo

105 586 121 616 5
141 589 229 613 curn
259 575 324 613 illo
355 578 497 625 loquar.
556 577 591 614 O
620 583 770 625 tempus
797 576 1003 614 miserum!
1060 579 1143 615 Nec
1172 578 1306 616 dubito
1335 579 1427 627 quin

140 651 162 676 a
190 652 251 676 me
280 640 488 677 contendat
507 640 556 677 ad
576 640 709 677 urbem
731 639 890 677 veniam.
949 642 1131 678 Senatum
1156 641 1256 678 enirn
1289 644 1428 680 Kalen-

139 702 198 740 dis
235 704 330 740 velle
368 716 408 740 se
445 704 682 752 frequentem
720 704 854 741 adesse
893 703 1005 741 etiam
1046 704 1205 742 Formiis
1243 705 1425 754 proscribi

138 765 254 803 iussit.
331 768 432 815 Ergo
474 766 508 803 ei
550 767 768 815 negandum
808 768 895 804 est?
967 769 1042 805 Sed
1080 767 1172 816 quid
1210 768 1426 817 praeripio?

138 829 272 867 Statim
292 831 341 867 ad
362 837 398 867 te
418 829 647 879 perscribam
669 830 807 868 omnia.
866 832 923 867 Ex
949 830 1046 868 illius
1067 844 1241 869 sermone
1261 839 1422 869 statuam

82 905 120 927 10
137 893 377 942 Arpinumne
406 893 498 930 mihi
529 894 699 930 eundum
724 893 769 930 sit
795 906 843 930 an
873 907 950 942 quo
979 893 1063 931 alio.
1121 896 1221 931 Volo
1246 894 1421 933 Ciceroni

137 970 223 994 meo
254 964 379 1006 togam
412 970 545 1005 puram
579 958 678 1001 dare,
716 956 798 993 istic
836 964 939 1005 puto.
1007 959 1079 1003 Tu,
1112 971 1264 1006 quaeso,
1298 957 1463 1006 cogita2

135 1020 229 1069 quid
266 1020 416 1058 deinde.
475 1022 575 1057 Nam
614 1033 675 1057 me
712 1021 890 1058 hebetem
929 1020 1125 1058 molestiae
1162 1021 1418 1058 reddiderunt.

134 1085 170 1120 A
201 1083 318 1122 Curio
341 1084 454 1121 velim
478 1083 572 1121 scire
603 1083 740 1132 ecquid
766 1085 815 1121 ad
846 1091 882 1121 te
909 1084 1089 1133 scriptum
1119 1085 1165 1121 sit
1194 1085 1242 1122 de
1268 1084 1419 1122 Tirone.

135 1147 199 1184 Ad
219 1160 280 1184 me
300 1147 401 1184 enirn
422 1147 503 1196 ipse
522 1147 614 1184 Tiro
633 1146 684 1184 ita
704 1147 851 1196 scripsit
871 1155 911 1184 ut
931 1161 1059 1185 verear
1078 1148 1171 1196 quid
1191 1155 1285 1196 agat.
1343 1148 1420 1196 Qui
1461 1198 1468 1203 .

80 1221 116 1254 15
134 1216 262 1247 autem
294 1209 451 1247 veniunt
482 1209 582 1255 inde,
617 1210 804 1258 κινδυνώδη
834 1210 1019 1247 nuntiant.
1077 1212 1175 1248 Sane
1205 1210 1243 1247 in
1274 1211 1418 1260 magnis

134 1272 232 1310 curis
270 1272 383 1310 etiam
421 1274 516 1310 haec
554 1286 615 1310 me
653 1273 866 1311 sollicitant.
942 1275 987 1310 In
1025 1274 1096 1311 hac
1134 1273 1235 1311 enim
1269 1276 1420 1313 fortuna

132 1335 301 1384 perutilis
329 1336 410 1374 eius
439 1344 475 1374 et
505 1349 619 1384 opera
648 1343 684 1374 et
714 1336 874 1374 fidelitas
903 1344 1011 1374 esset.

172 1480 328 1515 XVIII
462 1484 530 1515 scr.
548 1483 673 1524 Arpini
685 1495 704 1514 v
717 1484 760 1515 K.
779 1483 860 1524 Apr.
876 1494 907 1515 a.
926 1493 979 1523 705
992 1484 1078 1525 (49).

531 1576 696 1608 CICERO
719 1577 892 1608 ATTICO
913 1577 1017 1608 SAL.

74 1666 112 1688 20
181 1648 395 1696 Vtrumque
423 1661 468 1684 ex
494 1654 560 1684 tuo
586 1648 771 1693 consilio;
800 1661 889 1685 nam
913 1656 949 1686 et
978 1648 1097 1686 oratio
1124 1648 1192 1686 fuit
1219 1662 1262 1686 ea
1288 1658 1415 1687 nostra
1433 1659 1450 1686 1

128 1717 170 1747 ut
189 1711 287 1748 bene
307 1711 432 1759 potius
452 1711 514 1748 ille
534 1713 582 1749 de
602 1712 714 1749 nobis
740 1712 967 1750 existimaret
989 1726 1102 1761 quam
1123 1713 1257 1761 gratias
1277 1722 1414 1763 ageret,

128 1780 165 1810 et
193 1773 232 1810 in
260 1787 306 1811 eo
336 1774 554 1820 mansimus,
578 1788 626 1812 ne
654 1776 702 1812 ad
733 1776 876 1812 urbem.
936 1777 1005 1813 Illa
1034 1777 1244 1813 fefellerunt
1264 1777 1411 1815 facilem

128 1838 233 1884 quod
266 1845 508 1886 putaramu53
546 1838 638 1875 nihil
672 1838 748 1875 vidi
787 1839 922 1876 minus.
986 1839 1168 1876 Damnari
1206 1853 1245 1877 se
1282 1848 1412 1878 nostro

126 1898 279 1946 iudicio,
319 1901 500 1939 tardiores
546 1903 624 1939 fore
671 1902 845 1950 reliquos,
886 1902 915 1939 si
954 1916 1023 1940 nos
1069 1916 1146 1940 non
1185 1903 1411 1951 venerimus,

71 1978 107 2009 25
126 1963 261 2001 dicere.
320 1966 402 2013 Ego
422 1964 644 2002 dissimilem
665 1964 814 2002 illorum
835 1979 917 2002 esse
937 1979 1101 2002 causam.
1159 1967 1257 2004 Cum
1280 1969 1407 2013 multa,

129 2026 249 2064 ‘Veni
268 2026 378 2076 igitur
398 2035 435 2065 et
454 2041 522 2077 age
543 2029 592 2065 de
611 2030 728 2076 pace.'
770 2032 779 2047 ⁴⁷
795 2030 959 2066 Meone'
980 2028 1136 2077 inquam
1161 2030 1359 2067 ‘arbitratu
1373 2032 1409 2067 ?’

125 2091 134 2107 ‘
151 2091 212 2126 An
233 2090 321 2128 ‘tibi'
341 2090 463 2140 inquit
486 2094 494 2110 ⁶
510 2104 579 2140 ego
599 2091 881 2140 praescribam?
965 2092 1066 2130 ‘Sic'
1087 2092 1242 2141 inquam
1264 2096 1273 2111 ‘
1286 2107 1405 2141 agam,

167 2202 185 2230 5
209 2192 323 2230 loquar
339 2192 390 2221 Μ2
406 2204 413 2222 :
436 2191 606 2231 loquamur
623 2192 673 2221 M¹
802 2194 822 2222 6
845 2197 917 2223 ante
931 2194 1060 2223 veniam
1076 2194 1149 2225 add.
1170 2200 1203 2225 ut
1225 2196 1408 2235 Malasju'na

124 2234 144 2263 8
166 2234 332 2272 praeripio
348 2235 494 2274 Popma:
527 2235 648 2273 preripi
673 2233 744 2264 M':
779 2235 943 2273 praeripui
968 2235 1136 2267 Schmidt:
1171 2239 1307 2275 precipit
1333 2238 1407 2268 M²:

124 2277 289 2314 praecipio
306 2277 390 2316 vulg.
542 2287 581 2315 24
605 2277 632 2307 si
649 2287 709 2307 nos
727 2287 792 2307 non
808 2277 972 2308 Faernus:
996 2279 1086 2308 sinus
1104 2290 1169 2309 non
1189 2279 1335 2310 ORPM2
1350 2293 1356 2310 ι
1380 2281 1407 2311 si

124 2318 156 2347 in
173 2318 224 2348 his
241 2328 306 2348 non
323 2318 376 2347 M¹
463 2320 650 2349 veniremus
669 2319 757 2349 Man.
