1590 2730
495 149 603 185 EPP.
633 149 708 184 AD
737 149 987 186 ATTICVM
1329 151 1396 186 XI.
1420 149 1479 185 xii

104 255 309 304 multisque
337 255 516 293 mandavi
544 268 605 292 me
633 268 712 292 non
740 255 920 303 potuisse,
943 269 1061 304 quom
1091 256 1291 304 cupissem,
1318 270 1388 293 ser-

103 331 237 356 mones
270 318 471 355 hominum
501 317 695 363 sustinere,
732 319 927 366 multaque
958 318 996 355 in
1030 332 1113 355 eam
1148 320 1384 357 sententiam.

104 381 211 418 Nihil
238 381 340 418 enim
370 389 448 419 erat
476 381 582 429 quod
610 380 735 417 minus
763 394 850 417 eum
870 383 1007 418 vellem
1031 382 1243 419 existimare
1272 396 1386 430 quam

103 457 165 481 me
193 451 297 481 tanta
325 445 373 481 de
402 457 441 481 re
469 457 548 481 non
577 456 663 480 meo
693 443 853 480 consilio
881 457 992 480 usum
1022 457 1114 482 esse.
1174 447 1387 493 Posteaque

68 518 84 549 5
103 519 221 555 quom
244 506 337 544 mihi
361 507 505 544 litterae
530 519 552 543 a
580 507 701 543 Balbo
722 506 903 544 Cornelio
930 508 1075 544 minore
1105 507 1240 544 missae
1261 516 1386 545 essent

103 569 210 606 illum
247 569 460 607 existimare
498 569 686 616 Quintum
724 570 875 606 fratrem
917 569 1094 606 ‘lituum'
1129 583 1236 607 meae
1267 573 1387 618 profe-

103 632 238 669 ctionis
267 632 382 670 fuisse
416 632 484 681 (ita
516 632 618 669 enim
652 631 828 681 scripsit),
862 632 926 680 qui
957 634 1129 669 nondum
1160 646 1385 681 cognossem

103 708 200 744 quae
220 696 268 733 de
288 708 349 732 me
370 694 536 742 Quintus
561 694 770 743 scripsisset
798 696 847 731 ad
874 696 1024 740 multos,
1047 696 1115 732 etsi
1143 697 1260 732 multa
1286 709 1388 744 prae-

102 770 189 794 sens
218 757 256 794 in
279 765 517 806 praesentem
546 758 682 794 acerbe
709 757 852 794 dixerat
881 765 917 795 et
942 759 1090 803 fecerat,
1117 766 1243 796 tamen
1267 759 1385 796 nihilo

47 833 85 855 10
102 820 227 858 minus
247 820 304 857 his
324 820 446 858 verbis
465 821 515 857 ad
535 821 737 858 Caesarem
758 820 887 868 scripsi
907 835 914 857 2

157 887 165 903 ‘
183 886 241 921 De
271 883 416 931 Quinto
445 885 556 920 fratre
585 896 672 920 meo
701 897 778 920 non
808 884 933 920 minus
957 884 1088 922 laboro
1112 898 1225 932 quam
1250 887 1298 923 de
1325 899 1385 923 me
1402 893 1425 919 2

102 947 195 996 ipso,
231 948 297 984 sed
335 960 422 983 eum
461 946 528 983 tibi
568 948 840 984 commendare
873 948 947 984 hoc
984 961 1071 985 meo
1105 956 1275 996 tempore
1308 962 1385 986 non

101 1011 235 1047 audeo.
296 1011 396 1046 Illud
424 1011 619 1047 dumtaxat
647 1016 775 1046 tamen
795 1010 948 1047 audebo
978 1018 1105 1059 petere
1131 1012 1198 1048 abs
1225 1018 1261 1048 te
1282 1013 1386 1060 quod

101 1080 244 1121 potero,
275 1086 323 1110 ne
352 1072 445 1121 quid
473 1072 663 1109 existimes
693 1073 743 1109 ab
776 1072 840 1109 illo
871 1074 1012 1109 factum
1042 1086 1123 1110 esse
1154 1087 1230 1122 quo
1261 1075 1385 1113 minus

46 1147 83 1178 15
102 1149 185 1173 mea
206 1136 243 1172 in
264 1144 301 1173 te
322 1136 445 1173 officia
466 1143 683 1173 constarent
704 1135 876 1173 minusve
900 1144 936 1174 te
963 1137 1156 1184 diligerem
1182 1138 1385 1187 potiusque

101 1212 249 1248 semper
268 1199 374 1236 illum
395 1206 589 1236 auctorem
619 1206 769 1236 nostrae
799 1199 1079 1237 coniunctionis
1100 1201 1213 1238 fuisse
1234 1202 1385 1250 meique

101 1262 242 1299 itineris
280 1262 471 1308 comitem,
507 1276 585 1299 non
619 1264 770 1300 ducem.
828 1264 915 1309 Qua
952 1277 990 1300 re
1029 1264 1160 1301 ceteris
1198 1264 1236 1301 in
1274 1266 1385 1302 rebus

99 1333 246 1362 tantum
267 1326 301 1363 ei
321 1326 463 1363 tribues
484 1333 668 1374 quantum
686 1325 903 1362 humanitas
924 1333 987 1362 tua
1006 1327 1248 1375 amicitiaque
1264 1336 1385 1365 vestra

99 1390 274 1437 postulat.
333 1391 415 1437 Ego
441 1389 475 1426 ei
501 1402 549 1425 ne
573 1388 666 1437 quid
689 1390 792 1437 apud
813 1396 848 1426 te
869 1389 1004 1435 obsim,
1026 1389 1064 1427 id
1085 1397 1121 1427 te
1142 1392 1385 1429 vehementer

44 1465 82 1486 20
99 1452 212 1489 etiam
232 1459 347 1502 atque
367 1452 480 1489 etiam
501 1454 616 1501 rogo.'

152 1517 239 1563 Qua
264 1529 303 1552 re
329 1515 359 1552 si
383 1515 468 1564 quis
491 1528 715 1563 congressus
745 1514 855 1552 fuerit
881 1515 974 1551 mihi
1001 1529 1088 1553 cum
1117 1517 1288 1562 Caesare,
1315 1517 1382 1554 etsi
1404 1525 1426 1560 3

98 1591 176 1615 non
207 1578 342 1615 dubito
373 1578 465 1626 quin
499 1578 529 1615 is
563 1578 657 1615 lenis
695 1578 733 1614 in
767 1578 873 1614 illum
907 1579 1052 1615 futurus
1084 1578 1129 1615 sit
1160 1579 1276 1627 idque
1308 1580 1383 1617 iam

97 1641 352 1687 declaraverit,
389 1655 458 1690 ego
492 1650 619 1678 tamen
658 1641 688 1678 is
722 1654 786 1678 ero
819 1641 884 1689 qui
918 1655 1066 1690 semper
1099 1642 1161 1679 fui.
1223 1645 1308 1688 Sed,
1342 1651 1383 1681 ut

97 1704 219 1751 video,
243 1707 362 1742 multo
390 1705 507 1754 magis
534 1713 590 1742 est
614 1705 725 1742 nobis
751 1706 1003 1742 laborandum
1024 1706 1072 1743 de
1088 1706 1238 1751 Africa,
1267 1720 1382 1755 quarn

42 1779 78 1809 25
97 1767 252 1816 quidem
280 1776 320 1805 tu
347 1768 478 1806 scribis
507 1768 721 1805 confirmari
751 1767 891 1805 cotidie
921 1767 1038 1816 magis
1067 1770 1115 1805 ad
1145 1769 1381 1806 condicionis

97 1843 203 1879 spem
230 1845 345 1879 quam
371 1831 559 1869 victoriae.
619 1832 736 1878 Quod
764 1830 907 1867 utinam
936 1830 985 1867 ita
1012 1834 1132 1868 essetl
1171 1832 1245 1868 Sed
1269 1833 1381 1880 longe

95 1893 202 1930 aliter
234 1907 316 1931 esse
348 1894 526 1943 intellego
564 1902 679 1942 teque
717 1893 841 1942 ipsum
876 1893 925 1930 ita
965 1893 1177 1931 existimare
1210 1894 1378 1940 arbitror,

94 1955 200 1993 aliter
214 1964 341 1993 autem
362 1956 525 1994 scribere
541 1970 618 1993 non
638 1956 793 1994 fallendi
809 1957 877 1993 sed
893 1956 1143 1993 confirmandi
1164 1956 1237 1993 mei
1254 1970 1379 2003 causa,

94 2019 312 2066 praesertim
333 2033 420 2056 cum
440 2019 668 2068 adiungatur
687 2021 735 2056 ad
757 2019 924 2056 Africam
946 2019 1059 2056 etiam
1082 2019 1280 2068 Hispania.

38 2095 75 2123 30
146 2083 264 2129 Quod
305 2095 366 2119 me
407 2083 593 2120 admones
632 2089 673 2119 ut
714 2082 876 2119 scribam
920 2083 968 2119 ad
1002 2082 1214 2119 Antonium
1254 2090 1291 2120 et
1329 2084 1421 2126 ad4

138 2193 151 2212 1
176 2193 227 2213 me
247 2182 291 2211 W
304 2183 386 2214 Crat.
406 2195 413 2214 z
448 2194 509 2214 om.
529 2186 582 2214 ΣΔ
710 2193 728 2221 5
753 2194 848 2222 quom
869 2183 958 2213 Man.
980 2184 1020 2222 (is
1037 2183 1122 2221 cum)
1141 2195 1147 2213 :
1180 2194 1275 2222 quam
1294 2183 1382 2213 MW

91 2235 112 2263 9
135 2225 278 2265 dixerat]
297 2226 346 2255 lzz'c
366 2226 478 2255 desinit
496 2226 539 2254 H*
662 2226 765 2256 nihilo
789 2226 896 2255 minus
920 2226 970 2255 his
993 2225 1165 2256 Graevius:
1189 2227 1208 2256 l.
1228 2227 1374 2256 lomeous

92 2266 146 2296 M¹
163 2279 169 2297 :
186 2268 204 2298 l.
224 2278 295 2297 meo
314 2268 351 2297 iis
368 2268 422 2297 M2
438 2281 443 2298 :
470 2269 510 2297 de
527 2278 567 2298 co
593 2269 644 2297 his
667 2268 756 2298 Man.
870 2278 916 2305 13.
941 2278 976 2304 14
1001 2268 1087 2306 quod
1104 2272 1218 2306 potero
1236 2268 1372 2298 Mz'illcr:

91 2310 177 2347 quod
191 2314 227 2339 te
243 2320 302 2339 oro
318 2310 401 2340 codd.
421 2321 427 2340 :
450 2311 536 2349 quod
554 2311 657 2340 debeo
673 2310 770 2340 Reid:
798 2311 904 2348 quoad
922 2315 954 2340 te
972 2311 1082 2340 videro
1099 2310 1186 2339 Koclz

133 2371 193 2392 c1c.
211 2371 257 2392 AD
273 2371 344 2393 ATT.
1251 2365 1289 2394 25
