1590 2730
84 141 130 176 X.
151 139 197 174 iv
525 140 579 176 M.
609 141 772 176 TVLLI
803 140 1100 177 CICERONIS

116 255 158 283 12
229 248 290 283 Tu
311 246 458 296 Oppios
478 246 680 285 Terentiae
702 247 905 296 delegabis.
963 248 1046 284 Iam
1072 246 1175 284 enim
1194 245 1297 284 urbis
1315 259 1457 284 vanum

176 309 385 358 periculum
406 317 472 347 est.
529 312 595 348 Me
615 304 742 348 tamen
763 310 923 348 consilio
942 310 1037 355 iuva,
1060 309 1273 359 pedibusne
1293 309 1458 357 Regium

175 386 225 410 an
255 372 343 410 hinc
378 373 502 410 statim
537 373 575 409 in
606 386 752 419 navem,
784 380 820 411 et
853 380 986 419 cetera,
1015 372 1197 421 quoniam
1230 384 1456 409 commoror.

177 437 260 484 Ego
288 437 337 473 ad
366 443 402 473 te
433 434 590 486 [statim]
621 437 774 474 habebo
803 437 907 484 quod
937 435 1097 473 scribam
1128 435 1239 473 simul
1268 442 1305 472 et
1327 434 1458 471 videro

178 498 395 537 Curionem.
456 500 515 536 De
543 498 686 537 Tirone
714 512 812 545 cura,
836 512 991 548 quaeso,
1012 500 1116 547 quod
1145 497 1245 543 facis,
1273 504 1313 535 ut
1342 496 1459 534 sciam
1479 509 1497 541 5

176 561 270 611 quid
290 561 320 599 is
339 569 433 610 agat.

218 703 258 737 V
458 706 524 738 Ser.
544 707 577 737 in
596 707 745 737 Cumano
759 718 802 738 xv
817 708 857 738 K.
877 707 955 738 Mai.
973 718 1002 738 a.
1024 717 1076 746 705
1095 707 1178 747 (49).

575 793 742 823 CICERO
763 793 937 823 ATTICO
959 792 1062 824 SAL.

144 880 160 907 1
232 870 292 906 De
312 875 390 906 tota
410 881 495 906 mea
514 868 743 917 cogitatione
767 868 896 917 scripsi
917 870 965 905 ad
987 876 1022 905 te
1041 875 1153 906 antea
1179 868 1278 914 satis,
1301 875 1341 905 ut
1368 866 1461 904 mihi

178 931 280 968 visus
300 945 394 977 sum,
417 931 624 980 diligenter.
683 933 743 969 De
763 931 824 968 die
845 931 938 967 nihil
964 944 1055 968 sane
1080 939 1206 979 potest
1232 930 1344 968 scribi
1370 929 1461 967 certi
1483 945 1520 967 10

138 1005 162 1032 2
179 1002 325 1044 praeter
351 996 434 1040 hoc,
457 1008 535 1032 non
561 1002 649 1032 ante
677 996 806 1031 lunam
833 1007 982 1032 novam.
1041 994 1217 1032 Curionis
1247 1006 1370 1031 sermo
1399 1007 1463 1042 po-

178 1057 307 1095 stridie
340 1058 501 1095 eandem
535 1057 668 1095 habuit
706 1059 782 1095 fere
819 1071 1019 1103 summam,
1052 1057 1123 1094 nisi
1157 1058 1261 1106 quod
1298 1056 1462 1106 apertius

178 1120 399 1169 significavit
427 1134 466 1158 se
492 1122 625 1158 harum
653 1134 776 1158 rerum
803 1121 944 1158 exitum
972 1134 1050 1158 non
1074 1121 1212 1158 videre.

231 1184 348 1230 Quod
395 1183 487 1219 mihi
526 1184 684 1220 mandas
722 1184 770 1221 de
809 1183 955 1230 Quinto
1002 1184 1178 1231 regendo,
1220 1183 1461 1233 ‘'Apxassc'av’.

178 1249 327 1284 Tamen
364 1246 457 1282 nihil
495 1246 800 1294 praetermittam.
869 1248 997 1294 Atque
1035 1246 1179 1284 utinam
1218 1254 1256 1284 tu
1295 1270 1354 1293 —‚
1394 1247 1463 1284 sed
1485 1258 1521 1290 15

180 1309 374 1347 molestior
394 1322 471 1347 non
492 1322 566 1346 ero.
625 1309 837 1357 Epistulam
863 1311 912 1347 ad
932 1309 1150 1347 Vestorium
1178 1310 1304 1347 statim
1331 1309 1460 1355 detuli,

139 1385 163 1422 3
180 1386 224 1410 ac
252 1373 362 1410 valde
390 1371 577 1420 requirere
606 1373 761 1409 solebat.
824 1373 1078 1411 Commodius
1107 1380 1233 1411 tecum
1262 1373 1463 1411 Vettienus

180 1443 237 1474 est
264 1438 413 1473 locutus
442 1448 557 1484 quam
586 1436 635 1473 ad
664 1449 725 1473 me
754 1436 960 1484 scripserat.
1019 1437 1095 1474 Sed
1129 1437 1251 1474 mirari
1281 1437 1369 1474 satis
1399 1438 1463 1474 ho-

179 1499 292 1537 minis
312 1499 587 1548 neglegentiam
610 1512 686 1536 non
708 1513 817 1548 queo.
877 1502 976 1538 Cum
998 1500 1099 1538 enim
1121 1501 1212 1537 mihi
1236 1501 1461 1538 Philotimus

178 1562 333 1600 dixisset
353 1576 392 1599 se
410 1564 477 1600 HS
494 1566 517 1598 L
537 1576 661 1600 emere
678 1564 726 1600 de
743 1564 930 1602 Canuleio
946 1565 1202 1602 deversorium
1224 1565 1316 1602 illud
1337 1577 1458 1613 posse,
1483 1578 1521 1598 20

180 1625 334 1663 minoris
355 1625 468 1663 etiam
489 1633 705 1674 empturum
733 1626 762 1663 si
783 1627 1005 1664 Vettienum
1032 1641 1234 1676 rogassem,
1257 1628 1383 1676 rogavi
1409 1634 1459 1673 ut,

180 1689 210 1727 si
230 1688 322 1737 quid
342 1696 481 1737 posset,
503 1703 547 1726 ex
568 1702 612 1726 ea
632 1703 781 1727 summa
800 1692 1023 1728 detraheret.
1080 1691 1265 1729 Promisit.
1319 1692 1381 1728 Ad
1403 1704 1463 1728 me

179 1765 300 1800 nuper
320 1766 358 1789 se
380 1754 448 1790 HS
466 1755 555 1789 365(
579 1753 740 1800 emisse3
769 1762 810 1791 ut
838 1754 1041 1792 scriberem
1068 1754 1128 1792 cui
1148 1757 1283 1792 vellem
1312 1754 1463 1800 addici;

180 1815 281 1852 diem
328 1815 512 1863 pecuniae
552 1818 644 1854 Idus
683 1819 889 1855 Novembr.
930 1832 1021 1856 esse.
1091 1818 1283 1867 Rescripsi
1320 1818 1353 1855 ei
1391 1825 1464 1855 sto-

180 1878 395 1915 machosius
421 1892 508 1915 cum
534 1879 618 1917 ioco
646 1887 772 1917 tamen
799 1881 981 1917 familiari.
1040 1883 1152 1918 Nunc
1179 1881 1360 1929 quoniam
1386 1880 1462 1929 agit
1482 1891 1520 1922 25

224 1988 235 2007 1
264 1978 389 2016 Oppios
418 1979 510 2010 Vz'cl.:
547 1981 688 2019 optimos
716 1980 756 2009 M
847 1981 1013 2019 delegabis
1037 1982 1114 2012 coni.
1138 1980 1338 2021 Wesenberg:
1372 1981 1462 2011 dabis

180 2019 219 2049 M
301 2031 419 2050 vanum
435 2022 536 2052 Boot:
561 2033 659 2052 unum
677 2023 760 2052 codd.
777 2034 782 2051 :
808 2023 930 2053 nullum
947 2023 1044 2053 Pius:
1061 2024 1139 2062 sors.
1159 2023 1326 2053 minimum
1442 2033 1462 2061 3

179 2067 289 2092 cetera
306 2063 344 2091 M
359 2065 411 2101 (sc.
430 2064 537 2100 scribe)
555 2076 560 2094 z
585 2070 673 2095 recta
693 2066 788 2095 Orelli
871 2065 1040 2106 quoniam]
1061 2076 1123 2104 quo
1141 2066 1202 2095 iam
1222 2065 1320 2096 Orelli
1442 2076 1461 2103 4

178 2106 286 2134 statim
303 2115 340 2134 cx
350 2107 498 2145 proximo
515 2107 676 2145 inrepsssse
691 2107 768 2137 vids!
781 2107 899 2137 Sclzsil:
1040 2108 1133 2138 simul
1152 2113 1184 2137 et
1202 2108 1241 2136 M
1245 2107 1292 2145 ¹Z,
1312 2108 1347 2146 cf.
1364 2118 1394 2137 x.
1412 2109 1458 2137 16.

179 2158 207 2185 4,
224 2148 286 2177 xvi.
306 2157 351 2178 11.
365 2150 384 2177 6
400 2152 427 2178 et
442 2148 525 2178 Reid
537 2149 686 2178 adAcad.
704 2150 734 2179 ii.
750 2159 786 2188 51
805 2160 811 2180 :
835 2148 931 2180 simul
948 2154 982 2180 ut
999 2150 1051 2179 M2
1064 2149 1158 2180 Rom.
1174 2149 1194 2179 I
1279 2160 1315 2187 14
1337 2150 1462 2187 Quinto

182 2188 277 2219 Vz‘ct.:
309 2192 450 2228 quodam
473 2190 510 2219 M
642 2192 678 2220 16
701 2190 870 2222 molestior
889 2190 982 2222 Visa:
1019 2192 1198 2222 modestior
1222 2192 1306 2222 codd.
1406 2202 1462 2221 ero

180 2231 264 2271 vulg.
283 2244 289 2262 :
312 2243 371 2271 pro
389 2231 429 2261 M
532 2244 573 2263 20
595 2244 631 2263 se
650 2234 709 2264 HS
728 2234 844 2264 Orelli:
868 2245 940 2264 esse
958 2234 998 2262 Μ
1113 2245 1151 2272 24
1175 2235 1206 2264 ei
1224 2234 1462 2264 stomachosius

181 2272 357 2345 Mauo-:wlff
383 2275 564 2305 istomacho
589 2276 616 2306 si
641 2276 688 2306 vis
713 2276 747 2313 C,
766 2280 793 2306 et
805 2277 874 2315 fiere
900 2276 983 2306 idem
1002 2276 1130 2306 O¹RP:
1163 2281 1196 2307 et
1219 2277 1281 2307 isto
1306 2277 1413 2306 madio
1435 2276 1462 2306 si

182 2326 229 2346 vis
285 2329 295 2333 -
