1690 2710
584 374 749 410 LIBER
787 375 987 412 SEXTVS
1031 376 1275 414 DECIMVS

691 470 791 515 AD
842 471 1167 516 ATTICVM

325 572 348 605 I
528 575 594 607 3:12.
614 576 646 606 in
663 576 838 607 Puteolano
853 578 910 608 viii
922 577 968 608 ld.
991 578 1097 616 Quint.
1119 589 1147 610 a.
1169 588 1224 617 710
1241 579 1328 620 (44).

691 663 859 694 CICERO
883 663 1049 694 ATTICO
1076 663 1168 695 SAL.

248 761 263 788 1
336 748 468 786 NOle
501 748 736 797 Quintilibus
764 750 850 787 veni
883 750 921 787 in
952 753 1215 789 Puteolanum.
1274 752 1461 791 Postridie
1488 752 1570 790 iens

281 812 331 848 ad
353 813 512 849 Brutum
533 812 571 849 in
592 812 776 850 Nesidem
796 814 890 850 haec
911 813 1050 862 scripsi.
1109 815 1184 852 Sed
1211 827 1257 852 eo
1283 815 1345 853 die
1365 829 1442 864 quo
1461 829 1571 853 vene-

282 887 362 911 ram
381 874 532 911 cenanti
554 877 648 912 Eros
669 882 751 913 tuas
775 875 925 913 litteras.
985 877 1125 914 Itane?
1170 888 1293 915 NONJS
1317 879 1465 915 IVLIIS?
1520 877 1570 916 Di
1589 890 1606 921 5

281 938 433 974 hercule
466 937 570 974 istis!
626 939 702 976 Sed
739 938 967 976 stomachari
1003 946 1126 977 totum
1164 939 1266 977 diem
1303 940 1399 978 lieet.
1458 940 1571 988 Quic-

282 1014 449 1049 quamne
482 1001 626 1050 turpius
664 1015 779 1051 quam
818 1005 935 1040 Bruto
974 1005 1129 1040 1VL115?
1184 1004 1319 1041 Redeo
1355 1005 1405 1042 ad
1442 1017 1570 1042 meum

240 1072 263 1098 2
282 1062 393 1111 igitur
421 1065 490 1100 ίἔτ’
513 1066 666 1113 ἐῶμεν,-’
698 1064 803 1102 Nihil
831 1065 917 1102 vidi.
976 1067 1051 1103 Sed
1081 1065 1173 1114 quid
1202 1073 1267 1111 est,
1291 1079 1442 1114 quaeso,
1465 1067 1570 1115 quod

281 1125 465 1174 agripetas
496 1127 672 1164 Buthroti
704 1127 879 1165 concisos
911 1128 1058 1165 audio?
1113 1128 1218 1176 Quid
1250 1136 1377 1165 autem
1407 1130 1569 1166 Plancus

280 1195 357 1226 tam
378 1190 515 1227 cursim
537 1190 604 1240 (ita
627 1190 729 1228 enirn
758 1190 1020 1238 inaudiebam)
1041 1191 1141 1228 diem
1169 1198 1206 1228 et
1232 1193 1416 1229 noctem?
1471 1194 1569 1230 Sane
1590 1205 1628 1227 10

238 1265 262 1302 3
280 1253 393 1301 cupio
419 1253 513 1291 scire
539 1254 632 1302 quid
658 1254 714 1291 sit.
773 1256 902 1291 Meam
932 1254 1207 1303 profectionem
1236 1254 1379 1292 laudari
1407 1256 1566 1307 gaudeo.

278 1315 502 1354 Videndum
528 1324 584 1354 est
613 1324 653 1354 ut
683 1316 830 1354 mansio
859 1318 1041 1354 laudetur.
1102 1318 1294 1365 Dymaeos
1321 1330 1411 1365 agro
1440 1318 1569 1365 pulsos

278 1392 381 1417 mare
406 1378 585 1417 infestum
609 1381 748 1418 habere
775 1379 827 1417 nil
852 1379 1000 1417 mirum.
1056 1378 1121 1418 Ἐν
1144 1381 1324 1429 ὁμοπλοίᾳ
1344 1379 1450 1417 Bruti
1469 1379 1569 1417 vide-

277 1449 337 1480 tur
358 1442 503 1492 aliquid
530 1443 693 1492 praesidi
719 1456 812 1489 esse,
834 1444 913 1489 sed,
936 1443 1082 1492 opinor,
1104 1442 1250 1480 minuta
1276 1442 1433 1492 navigia.
1491 1444 1567 1481 Sed

232 1515 258 1552 4
278 1505 353 1543 iam
383 1506 500 1544 sciam
529 1514 566 1544 et
593 1508 642 1544 ad
671 1514 708 1544 te
736 1520 826 1544 cras.
887 1507 946 1543 De
965 1506 1149 1544 Ventidio
1174 1507 1321 1544 πανικὸν
1345 1513 1448 1555 puto.
1506 1506 1567 1542 De
1590 1518 1624 1548 15

276 1571 390 1608 Sexto
413 1583 481 1619 pro
507 1578 609 1608 certo
636 1570 847 1607 habebatur
867 1570 938 1607 †ad
958 1573 1094 1607 arma†.
1154 1570 1271 1616 Quod
1297 1568 1328 1606 si
1347 1581 1478 1606 verum
1498 1577 1565 1614 est,

276 1633 356 1671 sine
388 1634 490 1671 bello
523 1632 622 1670 civili
652 1633 765 1670 video
795 1632 1046 1670 serviendum.
1106 1632 1210 1680 Quid
1242 1633 1361 1681 ergo?
1402 1632 1454 1667 ad
1479 1631 1564 1667 Kal.

276 1697 356 1733 Ian.
390 1696 427 1733 in
460 1698 583 1733 Pansa
615 1697 730 1745 spes?
784 1698 902 1743 Λῆρος
934 1696 1048 1734 πολὺς
1080 1694 1118 1732 in
1155 1694 1244 1732 vino
1281 1701 1318 1732 et
1354 1693 1393 1730 in
1430 1706 1567 1731 somno

276 1758 444 1796 istorum.

233 1827 257 1865 5
330 1824 389 1859 De
411 1823 490 1859 ἶέὶῖ
516 1822 669 1871 optime.
729 1821 924 1861 Ciceronis
953 1821 1116 1858 rationes
1146 1820 1388 1869 explicentur.
1447 1818 1566 1857 Ovius
1587 1831 1625 1854 20

273 1884 376 1923 enim
404 1898 545 1923 recens.
605 1887 643 1923 Is
669 1887 788 1922 multa
811 1899 908 1934 quae
934 1886 1080 1931 vellem,
1104 1884 1142 1920 in
1169 1883 1212 1921 iis
1236 1897 1284 1920 ne
1309 1884 1383 1920 hoc
1409 1882 1566 1930 quidem

273 1950 415 1986 malum
453 1949 515 1988 †in
552 1948 742 1986 mandatis
779 1948 809 1986 si
847 1949 1052 1986 habunde†
1086 1949 1154 1985 HS
1192 1958 1306 1983 LXXII
1345 1945 1434 1983 satis
1471 1958 1563 1990 esse,

315 2060 334 2088 3
358 2049 522 2080 Postridie
552 2044 630 2079 CZM
655 2061 716 2080 oc.
746 2048 951 2088 L·(ma›g.):
989 2058 1051 2077 om.
1080 2050 1132 2077 ΣΔ
1266 2047 1337 2076 iens
1368 2044 1563 2076 Asceusius:

274 2093 356 2123 ssens
375 2092 413 2121 M
547 2093 566 2121 8
591 2092 648 2121 ’ἴτ’
665 2092 756 2127 ἴωμεν
768 2091 774 2102 ’
793 2091 877 2121 Reid
962 2090 1051 2119 Nihil
1069 2090 1134 2118 vidi
1149 2092 1219 2127 post
1235 2097 1337 2118 IVLHS
1356 2088 1388 2125 (l.
1410 2088 1442 2125 7)
1460 2091 1564 2117 trans-

268 2136 375 2174 posuit
389 2135 472 2164 Boot
580 2144 617 2164 10
642 2134 847 2164 inaudiebam
871 2132 984 2162 Lamb.
1004 2144 1009 2162 ε
1036 2130 1281 2161 mediabamM:
1304 2130 1474 2159 audiebam
1499 2140 1527 2159 v.
1541 2140 1563 2160 c.

276 2178 301 2206 L
328 2179 464 2216 (nzczrg)l
490 2177 581 2207 Man.
761 2186 797 2206 12
821 2176 1006 2205 Videndum
1026 2198 1032 2204 .
1051 2197 1057 2203 .
1077 2197 1083 2203 .
1105 2173 1256 2203 laudetur
1275 2176 1348 2211 post
1369 2172 1483 2201 mirum
1507 2171 1563 2201 M:

275 2221 470 2259 transposuit
497 2219 626 2249 Ernesti
764 2220 801 2247 16
825 2217 910 2247 haud
930 2217 970 2246 ad
988 2226 1076 2246 arma
1097 2216 1172 2244 cotti.
1195 2215 1307 2245 Orelli:
1333 2214 1460 2244 abicere
1477 2224 1566 2243 arma

276 2263 351 2292 coni.
374 2263 466 2291 Klotz
610 2272 643 2300 17
670 2261 709 2290 ad
727 2271 754 2290 v.
772 2271 792 2290 c.
813 2259 840 2288 L
860 2260 996 2296 (ηανξ.)
1013 2254 1072 2288 Z‘:
1097 2268 1160 2286 om.
1180 2256 1219 2286 M
1354 2266 1394 2285 22
1418 2256 1451 2285 in
1476 2265 1565 2285 man-

276 2306 361 2334 datis
383 2310 432 2334 sat
456 2305 512 2343 (sit
538 2303 621 2333 codd.
649 2301 850 2342 Malaspinac
875 2305 902 2330 ct
926 2295 986 2340 Zb)
1011 2300 1140 2329 abunde
1166 2298 1256 2328 Man.
1277 2309 1283 2328 ι
1316 2297 1371 2328 del.
1398 2297 1512 2328 Lamb.
1532 2300 1568 2328 ut

271 2348 430 2387 glossema
445 2347 606 2386 scriptoris
611 2345 694 2384 fessi
