1590 2730
59 129 171 165 XIII.
195 129 300 164 xxiii
549 130 602 165 M.
634 130 797 166 TVLLI
828 130 1126 168 CICERONIS

171 687 186 712 1

168 1251 191 1277 2

204 237 252 272 da
276 243 312 272 te
335 235 373 272 in
400 249 614 273 sermonem
642 243 678 273 et
706 249 860 284 perseca
888 244 924 273 et
953 238 1100 274 confice
1129 243 1165 273 et
1191 236 1243 273 ita
1271 250 1357 274 cum
1380 239 1487 274 Polla

202 299 356 346 loquere
378 306 417 335 ut
438 306 474 336 te
494 312 581 335 cum
603 298 667 335 illo
688 301 830 336 Scaeva
855 299 960 347 loqui
984 307 1093 348 putes
1120 313 1190 336 nec
1211 300 1401 337 existimes
1422 313 1486 337 eos

203 361 267 409 qui
288 375 366 399 non
387 361 516 398 debita
535 362 744 398 consectari
765 363 909 399 soleant
926 364 1030 410 quod
1051 363 1235 400 debeatur
1254 363 1485 400 remissuros.

206 426 266 461 De
286 424 347 461 die
368 431 513 461 tantum
536 424 663 461 videto
684 432 719 461 et
740 424 778 461 id
798 425 921 473 ipsum
944 426 1047 462 bono
1068 427 1195 462 modo.

248 527 395 560 XXIV
462 530 530 560 Ssr.
551 530 583 559 in
605 530 784 559 Tusculano
801 541 819 560 v
834 530 881 560 Id.
903 531 1009 569 Quint.
1031 541 1060 561 (t.
1083 541 1139 570 709
1159 532 1235 570 (μ).

615 604 779 634 CICERO
800 605 975 635 ATTICO
997 605 1101 635 SAL.

262 675 366 722 Quid
395 682 450 712 est
477 675 581 723 quod
611 676 874 722 Hermogenes
900 675 991 711 mihi
1017 675 1176 712 Clodius
1203 677 1492 713 Andromenem

207 738 278 774 sibi
299 737 437 774 dixisse
458 750 496 774 se
518 736 743 775 Ciceronem
764 737 903 774 vidisse
924 738 1139 785 Corcyrae?
1195 739 1277 786 Ego
1304 738 1404 774 enim
1431 752 1493 775 au-

208 801 286 838 dita
306 801 374 837 tibi
395 807 577 848 putaram.
636 800 699 837 Nil
721 800 831 847 igitur
851 813 898 837 ne
919 800 952 837 ei
973 800 1129 848 quidem
1150 800 1385 838 litterarum?
1430 803 1492 837 An

207 875 285 900 non
305 863 427 900 vidit?
483 863 613 899 Facies
634 876 722 910 ergo
743 870 782 899 ut
803 862 930 899 sciam.

261 927 366 974 Quid
387 926 455 963 tibi
475 939 545 974 ego
566 927 614 963 de
634 928 804 963 Varrone
824 926 1058 963 rescribam?
1114 928 1304 973 Quattuor
1330 928 1494 975 διφθέραι

208 998 295 1027 sunt
332 990 370 1026 in
409 997 473 1026 tua
510 996 707 1037 potestate.
771 990 888 1036 Quod
927 988 1044 1037 egeris
1083 989 1121 1026 id
1159 990 1342 1037 probabo.
1411 991 1494 1027 Nec

209 1061 335 1090 tamen
366 1053 549 1101 ιωιὶδέομοιι
568 1053 710 1100 Τρῶας.’
767 1051 872 1099 Quid
901 1051 1033 1089 enim?
1088 1053 1163 1089 Sed
1192 1052 1262 1100 ipsi
1292 1065 1406 1100 quam
1436 1065 1493 1089 res

208 1116 270 1152 illa
290 1116 512 1164 probaretur
531 1114 649 1163 magis
670 1114 834 1151 verebar.
893 1115 967 1151 Sed
988 1114 1170 1162 quoniam
1197 1122 1237 1151 tu
1264 1114 1432 1163 suscipis,
1455 1114 1493 1151 in

208 1180 363 1215 alteram
383 1191 523 1214 aurem.

266 1243 324 1278 De
344 1241 556 1278 retentione
582 1240 751 1288 rescripsi
778 1241 827 1276 ad
851 1247 933 1277 tuas
960 1247 1133 1277 accurate
1160 1240 1316 1288 scriptas
1342 1240 1492 1277 litteras.

60 1294 189 1334 (XXV’I)
213 1303 404 1341 Conficies
425 1303 539 1354 igitur*
555 1310 590 1340 et
611 1302 766 1351 quidem
788 1302 868 1339 sine
888 1304 963 1339 ulla
982 1302 1221 1340 dubitatione
1240 1310 1304 1340 aut
1324 1310 1497 1340 retracta-

210 1366 324 1404 tione.
384 1368 473 1403 Hoc
494 1366 572 1402 fieri
593 1373 629 1402 et
650 1372 798 1414 oportet
818 1372 854 1402 et
875 1377 970 1413 opus
991 1372 1056 1402 est.

252 1469 375 1502 XXV
457 1471 524 1500 Ser.
544 1471 577 1499 in
599 1470 777 1499 Tusculano
793 1470 823 1499 iv
839 1469 886 1499 Id.
908 1469 1015 1507 Quint.
1036 1480 1063 1500 a.
1088 1480 1143 1509 7⁰9
1162 1470 1239 1509 (45).

602 1544 768 1573 CICERO
791 1544 965 1574 ATTICO
988 1543 1091 1574 SAL.

266 1619 325 1654 De
354 1617 603 1653 Andromene
636 1622 676 1652 ut
714 1614 845 1651 scribis
884 1614 934 1651 ita
972 1622 1154 1663 putaram.
1214 1615 1356 1652 Scisses
1394 1615 1495 1652 enim

171 1691 193 1716 2
213 1680 382 1728 mihique
409 1679 576 1716 dixisses.
633 1680 694 1715 Tu
718 1685 846 1715 tamen
873 1678 923 1714 ita
953 1678 1044 1714 mihi
1074 1680 1122 1715 de
1151 1681 1267 1715 Bruto
1297 1678 1427 1715 scribis
1456 1686 1496 1715 ut

212 1746 259 1781 de
280 1752 316 1781 te
337 1743 440 1780 nihil.
484 1743 652 1789 Quando
672 1748 798 1778 autem
820 1741 925 1777 illum
946 1743 1085 1789 putas?
1127 1743 1226 1778 Nam
1244 1754 1313 1789 ego
1331 1743 1495 1778 Romam

211 1808 331 1857 pridie
362 1808 465 1844 Idus.
525 1807 643 1842 Bruto
672 1805 723 1842 ita
751 1804 853 1842 volui
883 1804 1045 1841 scribere
1069 1803 1153 1853 (sed
1180 1804 1361 1852 quoniam
1391 1811 1431 1841 tu
1460 1811 1496 1841 te

211 1870 344 1919 legisse
373 1868 515 1914 scribis,
539 1869 591 1906 fui
621 1871 778 1905 fortasse
808 1867 1073 1917 ἀσαφέστερος)
1103 1881 1164 1904 me
1193 1880 1238 1904 ex
1264 1867 1336 1904 tuis
1366 1866 1496 1904 litteris
1519 1881 1530 1900 .‘

210 1933 438 1971 intellexisse
465 1934 567 1970 nolle
594 1946 680 1969 eum
709 1945 769 1969 me
796 1931 903 1980 quasi
930 1930 1185 1980 prosequendi
1211 1931 1267 1967 sui
1288 1944 1401 1968 causa
1422 1933 1497 1967 Ro-

212 2011 312 2034 mam
334 2010 436 2033 nunc
457 1996 594 2034 venire.
637 1997 722 2039 Sed,
746 1995 928 2043 quoniam
949 1994 1022 2031 iam
1043 1995 1151 2031 adest
1172 2007 1278 2030 meus
1298 1995 1493 2039 adventus,

212 2061 280 2105 fac,
304 2072 457 2108 quaeso,
487 2072 534 2096 ne
564 2058 657 2106 quid
686 2071 773 2094 cum
804 2058 897 2094 Idus
926 2056 1242 2107 impediantpquo
1272 2056 1396 2093 minus
1425 2070 1494 2093 suo

257 2171 266 2189 1
296 2166 406 2199 persta
430 2160 577 2189 Ribbeck:
602 2168 737 2197 persece
759 2158 835 2187 com'.
856 2157 974 2186 Orelli:
998 2157 1119 2195 perfice
1137 2157 1218 2186 Reid
1301 2162 1333 2186 et
1357 2157 1400 2186 ita
1423 2167 1495 2186 cum

213 2203 303 2232 Polla
320 2214 346 2232 v.
367 2214 388 2232 c.
412 2202 525 2231 ORP:
549 2203 656 2231 excita
681 2200 841 2238 compella
858 2199 914 2228 M:
940 2204 971 2228 et
992 2200 1035 2228 ita
1059 2209 1131 2228 cum
1157 2199 1259 2228 Balbo
1281 2199 1380 2228 Reid:
1405 2199 1497 2229 etita

212 2255 283 2274 cum
301 2245 415 2274 Caelio
432 2244 577 2273 Schmidt
655 2254 672 2272 2
696 2253 755 2271 nec
771 2241 950 2271 Corradus:
974 2251 1015 2270 ne
1033 2240 1071 2269 M
1148 2243 1167 2270 8
1189 2241 1378 2279 Corcyram
1395 2240 1496 2271 RPI:

211 2297 342 2316 currere
368 2293 394 2316 Δ
521 2296 554 2315 11
582 2285 714 2324 διφθέραι
728 2285 823 2314 Rom.
840 2284 878 2313 I:
902 2285 1046 2321 διφθεριαι
1064 2277 1139 2312 MZl
1266 2294 1305 2320 24
1331 2283 1435 2312 Bruto
1452 2283 1495 2312 ita

212 2329 297 2358 volui
316 2329 399 2359 codd.
415 2332 539 2367 praeter
552 2334 578 2357 Δ
596 2338 652 2357 vs.
672 2326 697 2355 L
717 2327 854 2365 (marg.)
874 2325 956 2356 Crat.
975 2337 981 2355 ε
1005 2326 1048 2354 ita
1064 2325 1150 2355 volui
1170 2325 1269 2354 Bruto
1287 2330 1313 2354 Δ

1515 882 1552 902 10

1517 1195 1551 1225 ¹5

1516 1556 1555 1577 20
