1590 2730
62 140 153 176 XII.
175 140 219 175 iii
536 142 588 176 M.
621 141 783 177 TVLLI
814 140 1109 178 CICERONIS

188 248 381 297 ceteroqui
403 261 486 285 sum
506 248 677 294 libenter,
701 249 768 286 sed
793 249 960 297 μακάρων
980 250 1084 296 νῆσοι
1104 248 1308 286 tanti‘sunt
1332 256 1372 286 ut
1392 248 1474 286 sine

189 318 226 348 te
246 311 316 348 sim
337 318 393 348 tot
419 311 510 348 dies.
570 312 658 358 Qua
683 324 721 348 re
742 311 951 349 obduretur
976 313 1050 349 hoc
1073 311 1240 349 triduum
1260 319 1302 349 ut
1327 319 1364 349 te
1384 324 1475 361 quo-

189 387 263 422 que
293 387 434 423 ponam
468 374 506 410 in
540 375 677 412 eodem
709 375 837 420 πάθει;
865 375 971 423 quod
999 374 1050 411 ita
1078 382 1133 412 est
1161 375 1341 423 profecto.
1399 376 1474 412 Sed

190 437 302 474 veliin
333 436 427 474 scire
457 436 622 474 hodiene
651 437 776 473 statim
806 438 855 474 de
883 436 1061 474 auctione
1088 445 1123 474 et
1148 450 1224 485 quo
1248 436 1310 474 die
1332 437 1472 475 venias.

192 501 274 548 Ego
295 513 355 537 me
384 500 527 537 interea
549 513 636 537 cum
666 499 825 545 libellis;
854 513 897 536 ac
924 501 1083 537 moleste
1109 501 1187 537 fero
1208 500 1387 537 Vennoni
1413 514 1474 539 me
1493 516 1510 547 5

149 575 172 600 2
192 563 386 601 historiam
416 577 493 600 non
518 564 666 601 habere.
725 564 800 601 Sed
827 571 954 600 tamen
983 577 1031 600 ne
1059 563 1152 600 nihil
1182 564 1230 600 de
1258 577 1306 609 re,
1332 577 1474 601 nomen

191 626 297 673 illud,
313 628 417 675 quod
437 640 459 663 a
475 627 647 671 Caesare,
665 626 728 663 tris
748 627 862 663 habet
883 626 1143 671 condiciones,
1158 634 1221 663 aut
1241 626 1474 675 emptionem

190 690 240 727 ab
260 692 366 727 hasta
387 691 560 739 (perdere
581 691 690 735 malo,
714 690 782 727 etsi
803 698 948 738 praeter
968 689 1088 738 ipsam
1109 689 1381 737 turpitudinem
1402 692 1475 728 hoc

153 795 155 798 Α
191 753 315 802 ipsum
335 760 428 801 puto
444 766 526 790 esse
546 752 719 801 perdere)
735 761 797 789 aut
815 753 1091 801 delegationem
1113 766 1134 789 a
1155 748 1329 801 mancipe
1348 766 1476 791 annua

190 817 253 854 die
278 816 377 865 (quis
407 816 475 853 erit
503 816 564 852 cui
593 817 756 860 credam,
782 823 846 852 aut
873 817 1028 864 quando
1057 815 1126 852 iste
1156 815 1324 852 Metonis
1351 829 1474 854 annus
1495 831 1533 852 10

190 880 314 918 veniet
328 880 359 929 ?)
389 887 453 917 aut
480 879 647 917 Vettieni
675 879 902 916 condicione
927 879 1132 916 semissem.
1191 880 1327 927 Σκέψαι
1351 879 1471 928 igitur.

190 945 248 980 Ac
279 955 408 980 vereor
440 956 488 979 ne
520 942 588 979 iste
619 942 692 979 iam
721 941 939 979 auctionem
970 943 1111 978 nullam
1141 941 1251 978 saciat
1280 943 1347 979 sed
1376 942 1474 979 ludis

188 1006 296 1043 factis
328 1006 470 1056 Ἀτύπῳ
507 1005 679 1042 subsidio
717 1012 849 1050 currat,
883 1018 930 1041 ne
968 1004 1050 1042 talis
1083 1005 1137 1041 vir
1167 1005 1341 1056 ἀλογηθῇ.
1399 1006 1474 1042 Sed

188 1071 350 1118 μελήσει.
408 1071 468 1105 Tu
494 1068 671 1113 Atticam,
694 1081 847 1116 quaeso,
874 1081 962 1106 cura
990 1075 1027 1106 et
1050 1067 1083 1105 ei
1108 1069 1267 1106 salutem
1293 1075 1330 1106 et
1357 1067 1474 1105 Piliae

189 1133 338 1171 Tulliae
357 1146 511 1182 quoque
532 1131 654 1169 verbis
675 1131 887 1180 plurimam.
1495 1136 1531 1166 Ι5

230 1279 296 1316 IV
423 1282 489 1314 Ser.
508 1283 540 1313 in
562 1282 741 1312 Tusculano
756 1282 825 1312 xvii
837 1282 878 1312 K.
900 1282 1009 1320 Quint.
1027 1292 1056 1312 a.
1077 1284 1135 1320 708
1153 1281 1235 1321 (46).

589 1367 754 1398 CICERO
776 1366 950 1397 ATTICO
970 1366 1071 1398 SAL.

153 1470 170 1497 1
242 1457 277 1495 O
297 1463 418 1506 gratas
439 1463 522 1492 tuas
543 1453 635 1490 mihi
663 1453 926 1501 iucundasque
954 1453 1092 1491 litteras
1110 1457 1116 1490 1
1173 1454 1277 1502 Quid
1298 1454 1476 1503 quaeris?

188 1519 381 1557 restitutus
410 1525 464 1556 est
495 1517 587 1554 mihi
620 1517 701 1554 dies
731 1518 856 1553 festus.
915 1518 1093 1565 Angebar
1121 1517 1223 1554 enim
1252 1519 1358 1566 quod
1383 1518 1474 1556 Tiro

189 1583 475 1632 ἐνερευθέστερον
495 1588 531 1618 te
551 1580 622 1618 sibi
649 1592 731 1617 esse
751 1579 873 1616 visum
900 1579 1053 1617 dixerat.
1113 1581 1267 1618 Addam
1290 1580 1410 1629 igitur,
1434 1589 1473 1618 ut
1495 1594 1532 1618 20

189 1660 332 1691 censes,
355 1659 475 1683 unum
495 1644 597 1682 diem

148 1723 172 1750 2
243 1712 318 1748 Sed
338 1712 386 1748 de
403 1711 551 1749 Catone
571 1711 772 1758 πρόβλημα
789 1711 1040 1761 Ἀρχιμήδειον
1059 1719 1125 1749 est.
1175 1713 1264 1748 Non
1285 1711 1475 1758 adsequor

190 1781 230 1811 ut
250 1774 412 1811 scribam
433 1774 537 1821 quod
558 1772 611 1809 tui
638 1772 820 1811 convivae
848 1788 925 1812 non
947 1776 1064 1812 modo
1084 1775 1245 1811 libenter
1268 1774 1335 1810 sed
1359 1772 1473 1810 etiarn

188 1849 312 1884 aequo
331 1836 460 1873 animo
480 1838 603 1885 legere
630 1837 776 1885 possint
793 1853 800 1883 ;
828 1838 918 1886 quin
940 1837 1053 1875 etiam
1080 1837 1110 1874 si
1129 1851 1152 1874 a
1171 1835 1366 1873 sententiis
1393 1835 1472 1872 eius

189 1898 310 1944 dictis,
332 1898 362 1935 si
382 1900 430 1936 ab
457 1899 561 1936 omni
582 1901 776 1938 voluntate
797 1900 1041 1948 consiliisque
1068 1913 1165 1948 quae
1185 1900 1233 1936 de
1257 1911 1295 1935 re
1321 1897 1474 1946 publica
1493 1910 1529 1940 25

189 1963 322 2000 habuit
350 1964 525 2001 recedam
555 1968 743 2014 ψιλῶςᾳυθ
763 1965 876 2002 velim
896 1964 1115 2012 gravitatem
1142 1960 1473 2009 constantiamque

187 2026 269 2064 eius
297 2027 460 2072 laudare,
491 2029 565 2064 hoc
595 2028 718 2076 ipsum
748 2035 875 2064 tamen
904 2026 983 2063 istis
1014 2025 1190 2063 odiosum
1220 2026 1386 2072 ἄκουσμα
1413 2022 1469 2060 sit.

230 2138 251 2166 9
274 2138 291 2157 a
309 2138 361 2157 m:
386 2138 448 2158 om.
466 2128 507 2157 M
629 2137 666 2157 10
690 2127 751 2157 iste
768 2138 820 2157 m:
846 2127 916 2164 ipse
932 2124 973 2154 M
1090 2134 1123 2153 11
1148 2124 1341 2154 condicione
1357 2123 1471 2153 semis-

189 2180 259 2200 sem
276 2169 395 2201 Rom.:
429 2170 639 2200 conditiones
655 2170 806 2199 emissem
825 2168 880 2197 M:
915 2167 1113 2197 conditionis
1136 2167 1253 2196 emisse
1274 2177 1307 2195 m
1323 2177 1329 2195 ε
1361 2166 1472 2195 condi-

190 2213 316 2242 cionem
332 2213 468 2242 semisse
485 2212 601 2242 Lamb.
721 2221 758 2240 12
780 2211 838 2240 sed
854 2210 938 2239 ludis
955 2208 1047 2240 Man.
1061 2219 1067 2237 ε
1092 2208 1214 2238 sedulis
1231 2219 1264 2237 m
1279 2219 1286 2238 t
1310 2213 1342 2237 et
1358 2208 1471 2237 sedulo

191 2254 229 2283 iis
246 2253 286 2283 M
372 2264 408 2292 13
432 2254 550 2292 Ἀτύπῳ
568 2253 631 2290 (vel
643 2253 771 2291 Atypo)
788 2252 913 2291 Popma
929 2262 935 2281 z
959 2251 1057 2289 clypo
1070 2250 1125 2279 M:
1151 2250 1294 2288 Olympo
1311 2261 1344 2279 m
1433 2260 1470 2287 14

189 2296 239 2326 Tu
258 2320 264 2326 .
285 2320 292 2326 .
311 2320 318 2327 .
339 2297 510 2335 plurimam
535 2296 633 2326 Rom.
655 2306 688 2323 m
713 2294 781 2335 (sed
801 2295 827 2324 is
850 2293 1057 2333 plurimum):
1093 2303 1155 2323 om.
1172 2291 1213 2321 M
1336 2301 1375 2330 27
1400 2291 1472 2324 istis

189 2338 323 2370 Bassus:
349 2343 398 2370 cst
414 2337 463 2368 M¹
481 2349 486 2369 :
512 2342 562 2368 cst
579 2339 618 2368 iis
635 2336 685 2367 M-·
