1690 2710
557 122 666 158 EPP.
696 122 771 157 AD
801 120 1051 156 ATTICVM
1355 116 1461 151 XVI.
1481 114 1555 149 xvi
1569 125 1592 149 E

162 232 317 269 confido
349 233 428 269 fore
456 237 497 267 ut
525 229 600 266 alio
628 240 765 277 genere
793 227 998 264 litterarum
1028 234 1177 262 utamur
1205 223 1351 272 tibique
1379 236 1447 271 pro

163 302 230 332 tuo
263 307 414 332 summo
440 290 629 330 beneficio
656 289 791 339 gratias
823 302 988 338 agamus.
1052 289 1169 336 Quod
1198 286 1228 323 si
1255 285 1445 330 acciderit,

162 357 275 395 velim
304 356 357 393 sic
385 354 584 399 existimes,
611 366 689 390 non
718 352 786 390 tibi
812 360 889 389 tarn
913 350 1084 388 Atticum
1111 350 1217 387 cuius
1243 361 1449 397 permagna

162 433 220 458 res
244 419 366 468 agitur
389 431 505 467 quam
531 430 593 454 me
618 415 683 465 qui
712 429 791 453 non
819 415 945 452 minus
971 414 1102 467 laboro
1128 425 1243 461 quam
1270 411 1331 448 ille
1357 410 1449 448 obli-

125 496 142 527 5
161 490 290 532 gatum
314 483 403 519 fore.

783 627 822 663 F.

592 711 660 742 Ser.
674 712 774 751 paulo
786 714 860 751 post
873 716 916 751 ep.
937 711 974 740 16
994 709 1026 740 C.

533 785 702 816 CICERO
731 784 946 816 CAPITONI
979 783 1073 815 SAL.

215 864 306 901 Non
334 861 470 900 dubito
499 861 590 910 quin
620 860 754 898 mirere
786 868 901 908 atque
934 859 1047 897 etiam
1081 859 1318 896 stomachere
1346 857 1452 906 quod
1470 867 1511 904 17

108 942 145 964 10
164 934 289 964 tecum
314 927 362 963 de
389 926 522 962 eadem
549 938 587 961 re
613 937 721 972 agam
749 923 908 972 saepius.
968 921 1149 960 Hominis
1172 919 1451 958 familiarissimi

163 996 200 1026 et
226 988 319 1025 mihi
345 987 524 1025 omnibus
550 987 662 1024 rebus
689 985 991 1024 coniunctissimi
1012 997 1217 1033 permagna
1236 996 1293 1020 res
1318 982 1448 1030 agitur,

163 1051 289 1088 Attici.
348 1049 521 1098 Cognovi
545 1063 615 1098 ego
636 1057 700 1086 tua
725 1048 850 1086 studia
870 1048 907 1084 in
933 1047 1088 1092 amicos,
1111 1046 1224 1084 etiam
1245 1046 1282 1082 in
1303 1053 1339 1082 te
1362 1045 1452 1082 ami-

163 1127 304 1151 corum.
363 1114 531 1150 Multum
565 1120 674 1161 potes
708 1125 777 1149 nos
810 1112 912 1160 apud
943 1112 1126 1147 Plancum
1156 1109 1292 1146 iuvare.
1351 1108 1452 1145 Novi
1471 1108 1513 1145 18

163 1176 438 1213 humanitatem
455 1183 583 1221 tuam3
612 1175 691 1212 scio
711 1187 826 1222 quam
847 1173 896 1210 sis
916 1172 1047 1210 amicis
1067 1172 1267 1209 iucundus.
1326 1172 1453 1208 Nemo

109 1255 143 1286 ยน5
164 1253 232 1277 nos
259 1239 296 1276 in
323 1240 394 1276 hac
423 1252 537 1276 causa
565 1239 649 1286 plus
679 1237 805 1274 iuvare
831 1244 955 1286 potest
985 1249 1099 1285 quam
1128 1243 1179 1272 tu.
1239 1236 1287 1271 Et
1315 1247 1372 1271 res
1402 1234 1453 1270 ita

163 1310 220 1340 est
240 1304 347 1339 firma
366 1309 406 1339 ut
426 1302 542 1339 debet
568 1314 663 1347 esse,
684 1314 798 1348 quam
826 1301 1002 1337 consules
1029 1300 1077 1336 de
1104 1297 1237 1335 consili
1264 1297 1451 1335 sententia

163 1367 410 1403 decreverunt
434 1378 521 1401 cum
548 1371 584 1401 et
611 1366 692 1412 lege
719 1371 755 1400 et
782 1370 934 1400 senatus
963 1363 1139 1399 consulto
1165 1367 1449 1409 cognoscerent.

164 1430 312 1465 Tamen
343 1427 472 1465 omnia
509 1426 633 1476 posita
665 1434 842 1475 putamus
877 1425 915 1462 in
947 1423 1077 1462 Planci
1115 1423 1169 1461 tui
1207 1423 1453 1469 liberalitate3

165 1504 280 1539 quern
296 1490 451 1539 quidem
471 1489 696 1527 arbitramur
715 1502 802 1526 cum
824 1488 923 1525 offici
944 1487 1001 1525 sui
1021 1494 1058 1525 et
1077 1486 1129 1524 rei
1145 1486 1320 1535 publicae
1340 1499 1455 1523 causa

108 1571 148 1592 20
166 1555 360 1591 decretum
398 1555 599 1591 consulum
637 1553 974 1600 comprobaturum
1012 1558 1092 1588 tum
1129 1550 1290 1587 libenter
1327 1556 1455 1586 nostra

165 1629 280 1653 causa
305 1629 387 1654 esse
413 1618 610 1653 facturum.
669 1615 880 1653 Adiuvabis
907 1615 1026 1664 igitur,
1055 1614 1104 1650 mi
1130 1613 1278 1662 Capito.
1337 1613 1455 1660 Quod

165 1687 207 1716 ut
225 1679 339 1717 facias
359 1687 396 1717 te
415 1681 660 1717 vehementer
679 1679 792 1716 etiam
813 1687 927 1727 atque
947 1677 1059 1715 etiam
1081 1690 1182 1726 rogo.

646 1789 682 1808 12
706 1778 807 1808 Attici
822 1778 888 1808 secl.
909 1777 991 1807 Boot
