1690 2710
151 127 258 165 XVI.
283 127 327 163 iii
648 127 700 162 M.
733 127 895 162 TVLLI
926 125 1223 164 CICERONIS

292 236 409 283 Quod
449 236 604 272 Erotem
642 246 720 271 non
758 233 839 271 sine
877 234 1104 271 munusculo
1142 241 1359 282 exspectare
1396 241 1433 272 te
1470 234 1576 281 dicis,

291 299 440 347 gaudeo
461 311 538 335 non
559 296 735 335 fefellisse
755 309 839 334 eam
860 309 938 333 rem
959 295 1181 344 opinionem
1205 303 1308 333 tuam
1324 311 1333 343 ;
1361 297 1429 335 sed
1449 304 1577 336 tamen

292 361 394 399 idem
414 362 604 412 σύνταγμα
631 360 715 397 misi
735 361 784 398 ad
809 366 846 398 te
871 359 1104 397 retractatius
1131 367 1168 397 et
1194 359 1351 408 quidem
1378 363 1579 411 ἀρχέτυπον

292 424 416 473 ipsum
446 424 585 462 crebris
608 423 701 461 locis
728 423 960 460 inculcatum
987 430 1023 460 et
1046 424 1239 460 refectum.
1300 425 1417 462 Hunc
1444 431 1483 462 tu
1509 432 1578 462 tra-

291 490 408 526 latum
429 487 466 525 in
494 488 765 525 macrocollum
792 488 873 535 lege
893 499 1032 524 arcano
1058 486 1226 523 convivis
1253 486 1326 524 tuis
1355 488 1433 533 sed,
1455 487 1485 524 si
1516 501 1578 526 me
1597 500 1614 530 5

290 564 405 598 amas,
428 551 554 588 hilaris
575 558 612 588 et
640 551 739 588 bene
767 550 943 599 acceptis,
968 563 1015 588 ne
1043 549 1082 588 in
1103 563 1164 589 me
1190 551 1431 588 stomachum
1458 564 1578 589 erum-

292 622 382 663 pant
402 627 488 652 cum
510 614 583 651 sint
604 613 671 651 tibi
692 613 783 650 irati.

249 691 273 718 2
346 680 404 715 De
443 678 628 716 Cicerone
665 677 779 715 velim
817 677 868 714 ita
905 677 951 714 sit
988 684 1029 714 ut
1065 677 1252 715 audimus.
1325 679 1384 715 De
1413 679 1577 716 Xenone

290 754 418 779 coram
447 754 702 790 cognoscam,
730 754 963 790 quamquam
992 740 1086 778 nihil
1115 742 1164 778 ab
1192 754 1238 779 eo
1267 741 1425 779 arbitror
1451 754 1576 790 neque

290 803 529 851 indiligenter
566 816 691 852 neque
729 803 980 840 inliberaliter.
1058 805 1117 841 De
1161 805 1319 841 Herode
1359 803 1494 841 faciam
1535 810 1576 842 ut
1598 816 1634 837 10

290 868 449 904 mandas
475 874 511 904 et
540 879 584 904 ea
610 879 707 915 quae
732 865 863 903 scribis
890 879 935 903 ex
963 866 1116 904 Saufeio
1142 873 1178 904 et
1204 879 1225 904 e
1251 868 1413 905 Xenone
1439 879 1576 915 cogno-

247 940 269 976 3
289 942 402 966 scam.
463 931 521 967 De
551 929 697 977 Quinto
732 929 809 966 filio
841 930 991 978 gaudeo
1022 929 1090 967 tibi
1121 942 1224 967 meas
1255 930 1394 967 litteras
1425 930 1526 979 prius
1554 944 1577 968 a

288 992 483 1030 tabellario
505 1005 590 1030 meo
617 1005 731 1041 quam
758 993 807 1029 ab
834 992 916 1041 ipso
943 992 1109 1030 redditas
1124 1007 1133 1039 3
1162 1006 1394 1042 quamquam
1419 1000 1455 1030 te
1482 993 1575 1030 nihil

289 1054 489 1092 fefellisset.
531 1057 674 1093 Verum
695 1062 824 1092 tamen
843 1078 903 1091 —.
944 1056 1020 1092 Sed
1041 1063 1219 1104 exspecto
1239 1055 1331 1104 quid
1352 1055 1413 1093 ille
1433 1063 1571 1102 tecum,

288 1118 380 1167 quid
410 1125 449 1155 tu
470 1118 645 1163 vicissim,
668 1131 738 1155 nec
765 1118 900 1155 dubito
927 1118 1019 1167 quin
1046 1131 1115 1155 suo
1142 1131 1246 1156 more
1272 1127 1439 1168 uterque.
1498 1121 1573 1157 Sed
1595 1132 1629 1163 15

287 1194 350 1219 eas
377 1181 517 1219 litteras
547 1181 705 1220 Curium
740 1181 832 1218 mihi
862 1194 971 1230 spero
1004 1181 1251 1219 redditurum.
1310 1181 1387 1229 Qui
1417 1181 1571 1231 quidem

288 1245 357 1283 etsi
386 1257 452 1294 per
482 1258 521 1283 se
550 1253 606 1283 est
636 1245 808 1282 amabilis
838 1258 860 1282 a
887 1258 1026 1293 meque
1055 1245 1230 1293 diligitur,
1262 1253 1389 1283 tamen
1417 1247 1574 1284 accedet

287 1321 446 1358 magnus
467 1310 642 1346 cumulus
662 1308 1007 1345 commendationis
1028 1315 1124 1345 tuae.

241 1380 266 1417 4
340 1372 490 1409 Litteris
520 1371 593 1409 tuis
622 1371 710 1409 satis
740 1384 964 1420 responsum
994 1379 1074 1417 est,
1108 1385 1210 1410 nunc
1238 1372 1328 1410 audi
1357 1374 1473 1424 quod,
1504 1372 1574 1411 etsi

285 1435 463 1485 intellego
484 1436 595 1474 scribi
622 1449 777 1474 necesse
804 1449 881 1473 non
905 1449 997 1481 esse,
1020 1436 1145 1474 scribo
1171 1444 1309 1475 tamen.
1368 1438 1492 1474 Multa
1512 1450 1574 1475 me
1594 1450 1631 1472 20

285 1507 439 1537 movent
455 1499 492 1536 in
509 1499 688 1545 discessu,
706 1499 743 1536 in
763 1498 893 1547 primis
913 1512 974 1536 me
994 1500 1148 1537 hercule
1168 1501 1272 1549 quod
1289 1500 1464 1548 diiungor
1482 1513 1505 1538 a
1524 1507 1570 1538 te.

286 1564 419 1600 Movet
439 1563 552 1600 etiam
573 1562 822 1611 navigationis
843 1563 950 1600 labor
970 1563 1116 1601 alienus
1137 1577 1214 1601 non
1234 1563 1282 1600 ab
1305 1570 1428 1601 aetate
1449 1565 1572 1601 solum

285 1634 412 1663 nostra
441 1639 570 1664 verum
600 1625 713 1664 etiam
742 1638 763 1663 a
792 1625 976 1675 dignitate
1010 1634 1237 1676 tempusque
1271 1626 1459 1664 discessus
1488 1627 1574 1665 sub-

283 1689 502 1726 absurdum.
558 1688 825 1737 Relinquimus
854 1689 957 1727 enirn
986 1702 1120 1739 pacem
1147 1697 1187 1726 ut
1211 1690 1260 1727 ad
1285 1689 1429 1726 bellum
1455 1702 1573 1727 rever-

283 1758 416 1798 tamur,
457 1753 638 1801 quodque
676 1752 857 1801 temporis
895 1753 933 1790 in
970 1752 1174 1802 praediolis
1218 1752 1355 1790 nostris
1399 1760 1435 1790 et
1472 1753 1572 1792 belle
1591 1766 1627 1798 25

282 1816 490 1853 aedificatis
511 1824 547 1854 et
567 1816 655 1853 satis
675 1815 846 1854 amoenis
868 1815 1042 1854 consumi
1063 1815 1186 1864 potuit
1207 1815 1244 1852 in
1271 1815 1571 1864 peregrinatione

282 1880 554 1917 consumimus.
612 1880 870 1917 Consolantur
903 1881 1020 1917 haec:
1059 1886 1124 1916 aut
1157 1879 1394 1928 proderimus
1426 1879 1570 1928 aliquid

283 1942 459 1980 Ciceroni
485 1950 549 1980 aut
576 1951 762 1993 quantum
789 1942 921 1992 profici
948 1942 1065 1991 possit
1096 1942 1359 1980 iudicabimus.
1419 1943 1570 1981 Deinde

281 2012 321 2042 tu
350 2005 435 2051 iam,
458 2013 499 2044 ut
528 2019 637 2055 spero
667 2014 703 2044 et
730 2013 771 2043 ut
799 2005 998 2055 promittis,
1021 2005 1153 2042 aderis.
1213 2006 1329 2052 Quod
1356 2005 1511 2053 quidem
1538 2005 1569 2043 si

240 2076 263 2112 5
280 2069 468 2115 acciderit,
496 2070 625 2107 omnia
651 2069 762 2107 nobis
791 2076 900 2106 erunt
929 2068 1093 2106 meliora.
1154 2067 1323 2106 Maxime
1350 2075 1476 2105 autem
1507 2081 1568 2106 me
1588 2080 1628 2110 30

280 2132 383 2180 angit
416 2132 510 2170 ratio
544 2133 774 2182 reliquorum
806 2145 988 2170 meorum.
1047 2132 1157 2179 Quae
1190 2144 1422 2180 quamquam
1457 2131 1568 2179 expli-

280 2201 364 2232 cata
394 2203 494 2242 sunt,
519 2203 656 2241 tamen,
684 2196 788 2244 quod
818 2203 854 2232 et
887 2195 1111 2232 Dolabellae
1136 2207 1278 2232 nomen
1307 2194 1346 2231 in
1374 2193 1418 2231 iis
1447 2201 1503 2231 est
1531 2201 1568 2232 et

325 2305 339 2325 1
363 2301 397 2326 te
414 2298 436 2327 Σ
451 2295 531 2326 Crat.
553 2306 560 2325 ε
583 2305 645 2325 om.
662 2300 690 2325 Δ
775 2305 795 2332 4
821 2294 893 2324 Hoc
910 2293 992 2323 Reid
1004 2293 1067 2323 coll.
1085 2294 1140 2323 xii.
1158 2303 1176 2331 5
1189 2303 1205 2323 c
1295 2302 1330 2332 17
1355 2294 1481 2323 accedit
1498 2297 1564 2324 vett.
