1590 2730
108 134 176 172 IX.
194 144 224 170 x
569 136 623 172 M.
653 136 816 173 TVLLI
846 136 1141 175 CICERONIS

161 250 186 278 2
256 243 401 279 Amens
432 241 526 279 mihi
556 241 670 280 fuisse
698 242 830 281 videor
863 257 885 281 a
912 243 1099 293 principio
1131 251 1168 282 et
1201 257 1263 282 me
1295 257 1371 281 una
1397 245 1493 282 haec

201 317 259 343 res
280 312 430 354 torquet
449 307 554 354 quod
574 319 652 343 non
672 306 851 344 omnibus
870 306 909 343 in
929 307 1041 344 rebus
1066 307 1259 345 labentem
1283 308 1343 344 vel
1365 307 1492 356 potius

200 376 373 406 ruentem
394 369 621 418 Pompeium
642 377 838 418 tamquam
858 383 955 407 unus
975 370 1220 420 manipularis
1235 377 1387 408 secutus
1407 370 1488 408 sirn.

199 431 290 469 Vidi
311 432 507 470 hominem
527 444 620 469 X1111
641 434 694 470 K.
716 434 823 470 Febr,
846 435 1000 482 plenum
1031 433 1252 471 formidinis.
1311 435 1384 471 Illo
1407 432 1490 482 ipso

198 495 262 532 die
287 495 387 533 sensi
413 495 507 544 quid
532 503 668 544 ageret.
726 497 949 544 Numquam
978 497 1071 534 mihi
1096 504 1229 546 postea
1254 496 1396 546 placuit
1418 509 1489 534 nec
1507 508 1525 540 5

199 571 381 606 umquam
414 558 518 596 aliud
548 558 586 596 in
617 558 691 596 alio
724 572 881 607 peccare
914 559 1067 597 destitit.
1125 559 1231 596 Nihil
1261 558 1411 596 interim
1439 559 1489 596 ad

199 634 259 658 me
280 621 455 669 scribere,
475 622 568 659 nihil
588 622 659 659 nisi
679 623 806 671 fugam
826 622 999 671 cogitare.
1057 622 1163 671 Quid
1183 622 1359 671 quaeris?
1392 621 1488 659 sicut

199 688 235 721 ἐν
262 687 335 724 τοῖς
357 689 533 734 ἐρωτικοῖς
560 686 726 723 alienant
746 686 977 731 immundae,
1000 686 1176 731 insulsae,
1198 685 1414 731 indecorae,
1434 684 1487 722 sic

198 761 258 785 me
278 748 376 786 illius
396 750 505 798 fugae
525 750 862 798 neglegentiaeque
887 749 1106 787 deformitas
1125 749 1258 786 avertit
1277 749 1325 786 ab
1345 761 1484 786 amore.

197 811 303 849 Nihil
324 812 425 850 enim
445 812 604 861 dignum
632 812 794 850 faciebat
820 825 896 860 qua
921 826 958 850 re
985 812 1064 849 eius
1091 813 1200 861 fugae
1223 811 1404 849 comitem
1425 824 1486 848 me
1505 822 1544 846 ιο

195 875 454 924 adiungerem.
510 877 625 913 Nunc
655 875 811 924 emergit
843 889 962 922 amor,
992 888 1095 912 nunc
1127 874 1358 912 desiderium
1392 875 1486 911 ferre

196 950 273 974 non
294 951 460 987 possum,
476 951 577 975 nunc
594 938 685 975 mihi
702 938 795 975 nihil
811 938 908 984 libri,
921 938 1014 975 nihil
1034 938 1188 984 litterae,
1203 937 1297 974 nihil
1313 937 1487 975 doctrina

194 1002 361 1049 prodest.
418 1003 476 1038 Ita
504 1001 585 1039 dies
615 1009 651 1039 et
682 1008 814 1039 noctes
842 1009 1038 1050 tamquam
1070 1001 1148 1038 avis
1179 1001 1241 1038 illa
1269 1014 1371 1038 mare
1403 1014 1486 1049 pro-

195 1072 325 1113 specto
358 1066 506 1102 evolare
543 1064 666 1113 cupio.
725 1066 798 1111 Do,
838 1066 889 1103 do
927 1077 1069 1113 poenas
1107 1064 1326 1102 temeritatis
1364 1077 1484 1101 meae.

194 1127 275 1164 Etsi
309 1141 405 1176 quae
436 1127 505 1164 fuit
534 1127 596 1165 illa
626 1128 847 1165 temeritas?
887 1127 980 1176 quid
1008 1127 1080 1165 feci
1113 1140 1191 1164 non
1223 1126 1484 1165 consideratis·
1505 1137 1541 1168 15

193 1191 315 1228 sime?
369 1191 407 1228 Si
436 1191 537 1229 enim
566 1191 660 1228 nihil
688 1198 834 1240 praeter
861 1192 988 1239 fugam
1020 1197 1270 1239 quaereretur,
1302 1190 1482 1239 fugissem

191 1253 451 1299 libentissime,
487 1255 554 1291 sed
581 1267 700 1302 genus
729 1253 818 1291 belli
852 1253 1101 1291 crudelissimi
1130 1261 1167 1291 et
1198 1252 1351 1291 maximi
1377 1254 1482 1302 quod

192 1319 365 1355 nondum
386 1318 517 1355 vident
536 1317 710 1355 homines
731 1318 842 1365 quale
862 1318 1030 1354 futurum
1058 1317 1105 1354 sit
1125 1316 1332 1365 perhorrui.
1371 1318 1481 1364 Quae

193 1380 317 1418 minae
338 1380 562 1429 municipiis,
585 1394 682 1429 quae
702 1380 927 1417 nominatim
947 1380 1032 1418 viris
1053 1380 1174 1426 bonis,
1196 1393 1294 1428 quae
1314 1379 1481 1428 denique

192 1444 370 1481 omnibus
391 1444 456 1493 qui
476 1444 743 1481 remansissent
760 1447 765 1481 ἱ
794 1457 909 1493 quam
930 1444 1062 1482 crebro
1082 1443 1175 1481 illud
1197 1447 1204 1462 ‘
1221 1445 1324 1481 Sulla
1343 1442 1477 1492 potuit,
1499 1459 1538 1480 20

150 1521 174 1557 3
192 1520 262 1555 ego
300 1521 377 1544 non
415 1508 600 1556 potero?’
670 1506 767 1544 Mihi
813 1514 940 1545 autem
986 1508 1189 1544 haeserunt
1234 1506 1306 1543 illa.
1376 1507 1479 1543 Male

191 1570 420 1619 Tarquinius
449 1570 511 1619 qui
541 1573 759 1616 Porsenam,
779 1570 844 1619 qui
873 1570 1076 1608 Octavium
1104 1569 1319 1607 Mamilium
1348 1576 1479 1607 contra

188 1634 361 1682 patriam,
398 1634 514 1682 impie
552 1633 777 1672 Coriolanus
805 1635 874 1681 qui
901 1633 1081 1670 auxilium
1113 1633 1220 1682 petiit
1257 1646 1279 1669 a
1314 1632 1474 1679 Volscis,

187 1705 287 1734 recte
313 1696 592 1734 Themistocles
621 1696 686 1744 qui
716 1696 812 1734 mori
847 1696 987 1741 maluit,
1011 1695 1175 1733 nefarius
1203 1695 1366 1744 Hippias
1388 1694 1477 1732 Pisi-

186 1760 289 1797 strati
318 1760 415 1797 filius
445 1759 508 1808 qui
540 1759 578 1796 in
613 1759 854 1796 Marathonia
883 1772 1010 1808 pugna
1041 1758 1179 1797 cecidit
1210 1772 1314 1796 arma
1344 1765 1476 1796 contra
1497 1771 1533 1803 ²5

185 1823 343 1873 patriam
364 1825 495 1860 ferens.
554 1825 603 1859 At
627 1824 740 1868 Sulla,
762 1830 800 1859 at
828 1822 982 1868 Marius,
1004 1830 1041 1859 at
1071 1822 1196 1860 Cinna
1223 1829 1334 1867 recte,
1356 1821 1475 1859 immo

184 1887 263 1924 iure
300 1889 482 1932 fortasse,
529 1888 596 1924 sed
640 1886 732 1935 quid
773 1899 905 1923 eorum
943 1885 1098 1923 victoria
1141 1884 1341 1931 crudelius,
1381 1884 1474 1933 quid

184 1950 396 1987 funestius?
451 1949 578 1986 Huius
609 1949 698 1986 belli
726 1962 844 1997 genus
873 1948 949 1997 fugi
978 1956 1015 1986 et
1043 1962 1088 1986 eo
1118 1948 1236 1996 magis
1262 1949 1366 1997 quod
1395 1961 1474 1985 cru-

225 2053 245 2081 6
262 2051 310 2090 in]
329 2061 369 2080 ex
387 2051 515 2080 Ernesti
606 2051 624 2079 8
641 2050 804 2080 alienant.
817 2073 823 2080 .
839 2073 844 2078 .
862 2048 926 2088 sic]
947 2049 1030 2087 l'ict„
1055 2049 1201 2088 idemque
1216 2048 1363 2079 Schmidt
1377 2048 1434 2079 sed
1445 2050 1473 2079 is

184 2093 370 2124 alienantur
387 2095 438 2130 (sc.
459 2094 497 2122 ab
514 2093 725 2125 amatoribus>
743 2103 749 2121 :
781 2092 966 2121 alienantur
989 2092 1154 2121 immunde
1178 2091 1293 2121 insulis
1312 2092 1398 2121 unde
1415 2092 1471 2121 de-

185 2147 260 2166 core
278 2137 312 2165 fit
333 2136 379 2165 sic
397 2135 455 2166 M:
490 2136 669 2165 alienamur
692 2135 719 2164 si
742 2134 820 2172 quid
845 2134 1009 2163 immunde
1033 2134 1155 2163 insulse
1178 2133 1333 2163 indecore
1359 2134 1407 2171 fit,
1423 2134 1470 2164 sic

186 2178 338 2217 Madvig:
372 2178 516 2208 alienant
532 2178 619 2207 viros
644 2177 830 2206 immundae
854 2176 995 2206 insulsae
1016 2177 1190 2206 indecorae
1213 2176 1269 2213 sic,
1288 2176 1335 2205 sic
1356 2175 1474 2214 Tyrrell

186 2231 226 2250 22
252 2221 428 2250 porsenam
447 2221 553 2259 vulga
581 2220 749 2248 Por-sinam
768 2217 812 2248 M.
871 2219 958 2247 Ante
975 2223 1087 2248 contra
1107 2217 1182 2249 add.
1201 2218 1373 2248 concitavit
1389 2217 1469 2247 Leh-

187 2274 299 2299 mann,
319 2263 372 2291 sed
394 2264 428 2301 cf.
449 2274 477 2293 ν,
498 2273 544 2301 17.
562 2272 581 2299 3
597 2266 625 2291 ct
639 2260 845 2291 Heidemann
870 2263 877 2276 ‘
891 2261 939 2290 De
959 2261 1123 2290 verborum
1145 2260 1258 2300 ellipsis
1278 2259 1358 2290 usu’
1377 2266 1409 2300 p.
1427 2269 1468 2298 92

185 2316 226 2343 23
249 2306 301 2343 qui
319 2305 391 2335 add.
411 2306 494 2343 vulg.
