1830 2745
178 115 292 158 XIV.
314 121 390 156 xiii
683 122 737 157 M.
768 121 931 157 TVLLI
962 119 1259 158 CICERONIS

331 239 447 275 quam
484 226 703 272 honorifice,
740 228 845 275 quod
881 228 930 264 ad
969 240 1030 264 me
1070 225 1217 272 attinet,
1247 239 1292 263 ex
1329 225 1446 273 ipsius
1482 224 1613 262 litteris

330 303 538 338 cognosces
557 289 657 339 (misi
678 289 778 326 enim
801 289 868 326 tibi
889 288 1134 338 exemplum),
1152 301 1266 337 quam
1286 288 1483 334 dissolute,
1499 300 1613 335 quarn

330 353 487 402 turpiter
513 366 704 401 quamque
737 352 797 389 ita·
816 352 1028 401 perniciose
1056 359 1097 389 ut
1124 364 1203 388 non
1235 363 1446 399 numquam
1476 351 1615 388 Caesar

329 415 604 453 desiderandus
634 428 716 452 esse
741 415 913 452 videatur
936 415 1044 452 facile
1073 413 1317 452 existimabis.
1374 415 1484 461 Quae
1512 412 1614 450 enim

330 479 470 516 Caesar
489 491 699 526 numquam
720 490 845 526 neque
864 477 1013 514 fecisset
1029 490 1153 525 neque
1173 489 1306 525 passus
1326 483 1434 522 esset,
1450 489 1495 513 ea
1513 488 1615 512 nunc
1634 490 1650 521 5

213 575 292 627 ,
329 554 375 578 ex
390 540 490 577 falsis
507 541 586 578 eius
602 540 884 578 commentariis
901 541 1152 588 proferuntur.
1201 541 1283 588 Ego
1302 546 1429 576 autem
1444 538 1615 576 Antonio

302 583 551 640 “facillimum
585 617 645 640 me
679 603 846 653 praebui.
905 602 1058 640 Etenim
1093 602 1165 648 ille,
1198 601 1380 650 quoniam
1413 603 1530 639 semel
1563 601 1615 638 in-

17 579 292 722 mew‘ssfim‘
329 667 435 704 duxit
460 667 631 704 animum
658 666 729 704 sibi
755 667 867 704 licere
893 668 997 715 quod
1023 668 1145 712 vellet,
1168 665 1318 704 fecisset
1343 665 1463 702 nihilo
1489 664 1614 702 minus

330 743 391 767 me
424 730 552 767 invito.
620 731 756 778 Itaque
794 743 963 767 mearum
997 742 1151 778 quoque
1183 729 1390 767 litterarum
1428 727 1513 766 misi
1544 726 1613 766 tibi

329 794 556 842 exemplum.
1635 803 1673 825 10

951 906 996 941 A.

510 997 577 1031 Scr.
594 997 719 1029 Romae
734 998 816 1028 inter
828 1007 857 1028 a.
877 997 906 1029 d.
923 1008 946 1027 x
960 1001 988 1028 et
1002 997 1048 1028 vii
1060 997 1102 1027 K.
1123 996 1201 1027 Mai.
1223 1007 1250 1027 a.
1274 1006 1328 1035 710
1346 998 1428 1037 (44).

545 1082 776 1114 ANTONIVS
813 1083 910 1113 COS.
940 1083 973 1113 S.
1010 1083 1050 1112 D.
1083 1083 1126 1113 M.
1161 1082 1391 1113 CICERONI.

291 1182 310 1211 1
373 1169 712 1219 ‘Occupationibus
738 1177 794 1207 est
814 1170 955 1206 factum
981 1168 1074 1206 meis
1094 1176 1131 1206 et
1151 1168 1276 1206 subita
1296 1176 1360 1205 tua
1380 1167 1613 1217 profectione

291 1248 376 1323 xne
409 1242 535 1271 tecum
573 1246 700 1270 coram
735 1234 783 1270 de
816 1234 887 1270 hac
921 1246 959 1270 re
996 1246 1155 1281 agerem.
1214 1234 1342 1280 Quam
1375 1232 1426 1269 ob
1459 1245 1613 1269 causam
1636 1245 1672 1276 15

60 1266 91 1325 ς
291 1284 458 1335 xvereor
478 1310 525 1334 ne
548 1296 721 1333 absentia
741 1309 826 1333 mea
845 1296 962 1346 IEViOE
981 1303 1027 1342 sit
1037 1297 1206 1346 apud
1170 1303 1216 1332 te.
1275 1296 1393 1343 Quod
1413 1295 1443 1332 si
1463 1294 1613 1332 bonitas

132 1268 258 1389 ab&
230 1368 392 1432 *mltua
429 1359 665 1408 responderit
702 1359 845 1396 iudicio
883 1372 969 1396 meo
1002 1360 1107 1407 quod
1144 1371 1293 1407 semper
1329 1357 1446 1395 habui
1483 1359 1531 1395 de
1564 1365 1610 1403 te,

1 1469 4 1481 .
202 1425 274 1478 ‘⁹2'
326 1424 513 1473 gaudebo

28 1456 245 1539 ff&
285 1500 310 1527 2
380 1488 415 1523 A
436 1487 597 1524 Caesare
625 1486 715 1534 petii
746 1493 785 1530 ut
815 1487 898 1523 Sex.
926 1485 1106 1524 Clodium
1136 1485 1369 1531 restitueret3
1403 1484 1612 1533 impetravi.

33 1511 184 1615 4)θῇὂὲ
329 1552 419 1587 Erat
447 1550 538 1586 mihi
562 1550 599 1586 in
625 1549 754 1586 animo
778 1549 890 1587 etiam
919 1557 998 1586 tum
1029 1549 1080 1586 sic
1110 1549 1163 1585 uti
1192 1548 1379 1586 beneficio
1408 1547 1488 1585 eius
1516 1547 1546 1584 si
1572 1555 1612 1584 tu
1634 1563 1671 1584 20

0 1631 3 1656 ι
327 1613 593 1651 concessisses.
645 1616 735 1660 Quo
756 1614 873 1661 magis
894 1614 1025 1650 laboro
1047 1620 1087 1649 ut
1107 1621 1171 1649 tua
1190 1614 1384 1649 voluntate
1409 1611 1447 1648 id
1467 1624 1533 1660 per
1553 1624 1613 1648 me

327 1679 450 1715 facere
478 1690 580 1713 nunc
607 1677 719 1713 liceat.
780 1677 897 1723 Quod
931 1676 961 1713 si
991 1676 1181 1713 duriorem
1212 1683 1248 1712 te
1277 1674 1357 1712 eius
1391 1674 1548 1711 miserae
1577 1681 1613 1710 et

326 1740 502 1778 adflictae
540 1741 712 1777 fortunae
749 1740 918 1788 praebes,
955 1753 1031 1776 non
1065 1739 1297 1776 contendam
1331 1751 1401 1786 ego
1434 1738 1612 1774 adversus

328 1811 374 1849 te,
398 1817 629 1852 quamquam
653 1803 785 1840 videor
804 1803 944 1840 debere
970 1802 1065 1840 tueri
1090 1801 1407 1839 commentarium
1429 1799 1610 1838 Caesaris.

328 1869 403 1905 Sed
437 1881 497 1904 me
526 1868 688 1911 hercule,
721 1866 751 1904 si
789 1866 1004 1903 humaniter
1040 1873 1077 1903 et
1110 1865 1299 1914 sapienter
1336 1872 1372 1901 et
1402 1858 1614 1901 amabiliter
1634 1875 1670 1906 25

327 1930 365 1968 in
395 1944 455 1968 me
484 1930 648 1978 cogitare
681 1929 748 1976 vis,
772 1930 921 1967 facilem
950 1931 1121 1978 profecto
1150 1937 1186 1966 te
1215 1928 1414 1978 praebebis
1447 1936 1484 1965 et
1510 1929 1612 1965 voles

31 1976 231 2024 xlm
328 1995 368 2030 P.
398 1973 657 2037 Clodiumf‘in
688 1992 833 2041 optima
863 2006 929 2041 spe
959 2004 1119 2041 puerum
1153 1991 1375 2041 repositum,
1401 1990 1613 2028 existimare

33 2028 260 2148 w
328 2070 406 2094 non
444 2064 480 2093 te
518 2056 745 2093 insectatum
783 2069 878 2102 esse,
907 2069 993 2093 cum
1033 2055 1209 2104 potueris,
1240 2054 1409 2133 amicog
1423 2061 1610 2102 paternos

283 2131 307 2169 3
329 2121 471 2165 Patere,
495 2120 664 2166 obsecro,
683 2127 720 2156 te
739 2132 808 2168 pro
827 2132 866 2156 re
886 2118 1040 2167 publica
1058 2118 1176 2156 videri
1196 2130 1355 2166 gessisse
1373 2116 1612 2170 siQm
1616 2076 1785 2162 ,ΨΜ

368 2229 387 2258 3
412 2221 454 2249 ita
470 2230 533 2250 om.
553 2218 650 2249 Rom.
784 2228 802 2257 5
826 2229 932 2257 neque
950 2218 1081 2249 fecisset
1092 2228 1199 2257 neque
1212 2227 1329 2257 passus
1343 2221 1431 2247 esset
1444 2217 1486 2247 C:
1504 2226 1612 2254 neque

327 2262 459 2291 fecisset
477 2260 544 2292 ΜΗ
579 2271 685 2299 neque
703 2261 782 2290 fecit
800 2272 906 2299 neque
924 2261 1054 2291 fecisset
1072 2261 1122 2290 Μ’
1273 2261 1293 2290 6
1326 2259 1416 2289 salsis
1432 2259 1488 2290 dcl.
1510 2259 1608 2297 Cobet,

327 2304 380 2334 vix
396 2307 467 2333 recte
594 2314 632 2332 22
657 2303 751 2333 liceat
767 2303 840 2333 add.
862 2307 931 2333 vett.
