1830 2745
118 133 260 170 XIV.i
597 134 650 168 M.
680 133 843 168 TVLLI
875 131 1170 169 CICERONIS

242 254 329 278 eum
351 241 505 278 fuissem
535 248 870 288 exspectaremque
898 241 1035 276 sedens
1055 240 1183 287 quoad
1202 251 1364 283 vocarer,
1387 237 1524 275 dixisse

240 317 338 348 eum,
370 306 475 351 ‘Ego
504 303 677 340 dubitem
711 302 804 350 quin
839 315 990 339 summo
1021 302 1058 339 in
1092 301 1182 339 odio
1213 301 1282 338 sim
1316 314 1433 349 quom
1468 302 1521 337 M.

243 367 380 404 Cicero
419 367 549 403 sedeat
588 378 659 402 nec
697 378 767 402 suo
800 366 1008 402 commodo
1042 378 1103 402 me
1137 363 1339 413 con-venire
1376 362 1525 412 possit?

244 429 361 478 Atqui
389 429 418 466 si
446 429 649 477 quisquam
670 435 726 466 est
715 404 876 474 -facilis‚
899 427 961 465 hic
987 435 1053 465 est.
1111 429 1259 464 Tamen
1283 439 1361 463 non
1390 425 1525 463 dubito

242 492 334 541 quin
357 506 417 529 me
438 493 535 529 male
565 491 709 529 oderit.'
767 493 877 528 Haec
897 498 934 528 et
954 490 1034 527 eius
1062 489 1167 527 modi
1192 490 1319 525 multa.
1341 473 1453 526 ’‘Sed
1476 489 1525 525 ad
1549 496 1559 501 '

242 555 489 611 propositum.
548 553 743 602 Quicquid
768 553 835 590 erit
862 567 940 590 non
966 554 1083 590 niodo
1110 565 1289 600 magnum
1316 552 1383 589 sed
1412 550 1524 588 etiam

243 631 400 667 parvum
421 617 571 655 scribes.
631 616 822 665 Equidem
844 616 936 653 nihil
956 615 1212 653 intermittam.

285 761 332 795 II
460 763 528 793 Ser.
548 764 580 793 in
597 763 778 793 suburbano
796 761 883 792 Mati
895 762 929 792 vi
941 761 988 791 Id.
1009 761 1092 801 Apr.
1108 771 1139 791 a.
1159 770 1214 799 710
1231 760 1315 799 (44).

636 847 807 878 CICERO
838 847 1006 877 ATTICO
1039 846 1133 877 SAL.

95 983 102 991 ι
210 952 226 977 1
300 937 404 972 Duas
438 948 459 971 a
493 942 528 971 te
561 933 692 982 accepi
725 932 904 981 epistulas
937 932 1026 969 heri.
1099 933 1155 969 Ex
1187 930 1309 980 priore
1340 931 1527 968 theatrum

13 999 157 1030 &Nn-⁸
247 998 530 1052 Publiliumque
563 996 735 1046 cognovi,
771 997 873 1034 bona
910 995 1016 1044 signa
1053 994 1326 1032 consentientis
1364 993 1529 1030 multitu—

5 1033 194 1148 pfissa‘
245 1062 355 1100 dinis,
415 1063 574 1098 Plausus
603 1073 692 1098 vero
721 1061 763 1096 L.
800 1058 934 1097 Cassio
963 1059 1074 1095 datus
1112 1057 1225 1095 etiam
1255 1059 1397 1094 facetus
1436 1057 1528 1093 mihi

204 1136 228 1162 2
246 1125 401 1174 quidem
422 1124 522 1162 visus
543 1131 610 1162 est.
666 1125 796 1160 Altera
814 1122 975 1170 epistula
1000 1123 1048 1159 de
1076 1122 1237 1158 Madaro
1257 1120 1404 1169 scripta,
1427 1121 1528 1168 apud

247 1201 361 1236 quem
393 1189 539 1224 nullum
570 1188 809 1234 ψφαλάκωμα,
845 1192 884 1222 ut
916 1191 1035 1233 putas.
1094 1183 1280 1221 Processit
1313 1183 1425 1228 enim,
1462 1185 1528 1221 sed

203 1261 228 1298 3
248 1251 372 1288 minus
393 1250 544 1288 diutius.
602 1252 785 1287 Sermone
804 1247 908 1290 eius†
930 1261 1013 1284 sum
1034 1254 1200 1284 retentus
1265 1248 1382 1293 Quod
1401 1254 1528 1283 autem
1573 1258 1583 1263 ·
1623 1239 1627 1242 i

247 1315 295 1351 ad
317 1322 353 1351 te
373 1313 595 1362 scripseram
615 1313 775 1350 obscure
796 1313 962 1355 fortasse,
985 1310 1023 1347 id
1043 1310 1123 1347 eius
1144 1310 1248 1347 modi
1269 1317 1335 1347 est.
1391 1309 1530 1347 Aiebat

249 1379 451 1416 Caesarem
481 1390 622 1422 secum,
653 1389 729 1424 quo
759 1382 928 1423 tempore
957 1373 1053 1411 Sesti
1082 1380 1212 1422 rogatu
1237 1372 1323 1410 veni
1351 1374 1400 1410 ad
1429 1387 1528 1418 eum,

248 1453 336 1477 cum
375 1447 631 1488 exspectarem
670 1441 817 1484 sedens,
857 1438 1006 1483 dixisse,
1048 1440 1155 1486 ‘Ego
1199 1451 1301 1475 nunc
1343 1445 1419 1475 tam
1458 1437 1529 1474 sim

249 1504 384 1540 stultus
411 1510 452 1540 ut
480 1503 583 1539 hunc
608 1502 732 1550 ipsum
762 1501 911 1539 facilem
941 1500 1135 1538 hominem
1163 1508 1293 1549 putem
1325 1501 1417 1537 mihi
1448 1514 1530 1538 esse

247 1567 414 1604 amicum
452 1579 569 1614 quom
608 1574 684 1602 tam
726 1565 791 1602 diu
829 1566 965 1602 sedens
1004 1577 1130 1601 meum
1178 1566 1425 1602 commodum
1472 1576 1564 1601 ex-2

9 1599 116 1646 Μ’
131 1597 225 1664 Μ
247 1630 440 1679 spectet?⁷
489 1629 622 1666 Habes
642 1628 752 1677 igitur
772 1630 998 1688 qbanoelua
1018 1627 1321 1664 inimicissimum
1337 1628 1399 1681 Qi’
1418 1627 1457 1666 id
1475 1635 1531 1665 est

250 1692 368 1729 Bruti.

204 1766 229 1802 4
304 1755 349 1790 In
371 1755 631 1791 Tusculanum
661 1753 787 1799 hodie,
812 1752 959 1790 Lanuvi
988 1765 1079 1797 cras,
1102 1751 1191 1789 inde
1204 1754 1375 1802 ‚Asturae
1395 1751 1532 1799 cogita-

249 1818 348 1855 bam.
407 1817 522 1854 Piliae
551 1824 722 1865 paratum
754 1824 809 1854 est
839 1815 1058 1864 hospitium,
1087 1816 1154 1852 sed
1186 1817 1321 1852 vellem
1351 1814 1528 1852 Atticam.

249 1882 391 1917 Verum
412 1880 480 1917 tibi
500 1880 666 1929 ignosco.
726 1881 895 1926 Quarum
918 1878 1065 1926 utrique
1086 1879 1255 1915 salutem.

293 1991 311 2010 2
335 1980 449 2020 quom]
477 1991 549 2010 cum
578 1980 656 2010 M²z
680 1981 766 2018 quod
793 1980 840 2010 vel
863 1990 926 2018 que
953 1978 1004 2009 Ml
1163 1989 1200 2016 14
1224 1978 1413 2017 φαλάκρωμα
1435 1977 1530 2007 Victa

250 2022 470 2060 σαλακώνισμα
498 2022 694 2052 Gronovius:
732 2021 925 2059 λακωνισμόν
951 2020 1048 2050 Reid:
1087 2019 1227 2058 μαλακὸν
1250 2020 1335 2057 κῶμα
1359 2020 1439 2049 Boot
1463 2019 1528 2050 coll.

252 2066 351 2096 Hom.
369 2065 404 2095 Il.
430 2065 494 2095 xiv.
517 2074 588 2102 359.
610 2064 668 2094 Od.
687 2065 773 2094 xviii.
800 2074 858 2094 201
963 2063 1127 2093 Processit
1151 2062 1235 2093 codd.
1260 2062 1357 2092 Reid:
1383 2062 1532 2091 Processi

252 2106 342 2137 Man.
465 2116 500 2144 15
524 2108 639 2136 minus.
689 2107 819 2137 Diutius
842 2116 996 2135 sermone
1021 2105 1138 2144 [enim]
1172 2104 1285 2135 Orelli:
1325 2104 1432 2133 minus
1458 2104 1533 2133 diu:

252 2149 320 2178 eius
337 2159 488 2179 sermone
504 2150 590 2178 enim
609 2149 701 2179 Man.
722 2160 728 2178 2
751 2149 861 2178 minui.
909 2147 1039 2176 Diutius
1056 2157 1208 2177 sermone
1226 2147 1312 2176 enim
1329 2146 1412 2176 Reid
1498 2148 1534 2175 16

252 2192 388 2221 obscure
407 2192 451 2221 C:
474 2192 612 2221 obsecro
631 2190 669 2219 M
788 2200 821 2228 17
847 2195 961 2228 rogatu
978 2193 1045 2220 velt.
1063 2201 1069 2219 2
1093 2199 1171 2227 roga
1188 2186 1239 2218 ΛΡ
