1590 2730
79 494 95 524 5

58 812 94 833 10

54 1441 90 1462 20

519 121 627 157 EPP.
658 122 733 157 AD
762 122 1014 159 ATTICVM
1276 125 1390 161 XIII.
1414 133 1506 160 xxv
1534 132 1537 134 ’

117 230 325 267 commodo
353 229 392 266 in
421 230 642 266 Tusculano
673 228 729 265 sit.
788 229 871 266 Nec
902 228 1004 266 enim
1037 230 1087 266 ad
1117 229 1286 267 tabulam
1317 243 1404 268 eum

117 293 398 331 desideraturus
424 305 526 330 eram
548 292 603 341 (in
632 292 696 328 tali
725 291 827 329 enim
857 292 1011 340 negotio
1037 306 1104 329 cur
1130 301 1169 330 tu
1197 307 1295 330 unus
1325 307 1403 330 non

115 356 205 394 satis
226 369 265 394 es
281 357 312 405 ?)
334 357 401 393 sed
420 357 469 393 ad
490 363 760 393 testamentum
780 356 968 401 volebam,
987 357 1092 404 quod
1113 355 1187 393 iam
1210 358 1310 393 malo
1329 357 1404 393 alio

115 419 178 456 die
203 432 251 457 ne
274 419 324 456 ob
344 432 428 456 eam
455 431 609 456 causam
631 420 796 455 Romam
817 418 965 455 venisse
985 418 1123 456 videar.
1181 418 1320 467 Scripsi
1341 419 1404 467 igi-

115 489 174 519 tur
192 483 241 519 ad
263 484 422 519 Brutum
443 482 518 519 iam
538 481 641 526 illud,
665 482 770 530 quod
797 488 1000 530 putassem,
1025 482 1164 519 Idibus
1186 482 1279 518 nihil
1307 495 1402 531 opus

114 558 206 582 esse.
263 540 390 583 Velim
418 558 507 594 ergo
536 552 658 582 totum
687 546 762 582 hoc
792 545 843 582 ita
873 546 1061 593 gubernes
1092 553 1133 582 ut
1163 559 1211 582 ne
1246 545 1402 583 minima

114 608 270 657 quidem
290 622 329 646 re
349 611 424 646 ulla
445 608 550 646 Bruti
571 609 820 646 commodum
840 608 1105 657 impediamus.

166 673 241 710 Sed
262 671 355 721 quid
374 680 430 709 est
450 673 605 709 tandem
627 673 732 720 quod
753 672 1014 720 perhorrescas
1035 672 1123 720 quia
1143 679 1209 709 tuo
1230 672 1397 721 periculo
1419 683 1441 718 3

113 735 265 772 iubeam
286 735 401 772 libros
421 734 501 772 dari
523 734 714 772 Varroni?
769 735 896 772 Etiam
923 748 1025 772 nunc
1046 735 1075 772 si
1096 735 1258 781 dubitas,
1281 737 1338 773 sac
1359 743 1399 773 ut

114 798 287 835 sciamus.
346 797 451 835 Nihil
471 805 527 835 est
553 798 655 835 enim
683 797 753 834 illis
780 797 998 847 elegantius.
1055 800 1155 835 Volo
1176 801 1397 845 Varronem,

114 861 331 910 praesertim
353 874 440 898 cum
462 861 523 898 ille
544 861 759 907 desideret3
787 863 854 899 sed
875 869 941 906 est,
964 869 1004 898 ut
1025 861 1107 906 scis,

291 925 400 963 δεινὸς
428 925 527 972 ἀνήρ·
569 925 664 974 τάχα
693 941 751 962 κεν
780 925 837 961 καὶ
865 925 1022 962 ἀναίτιον
1049 926 1220 975 αἰτιόῳτο.

114 988 173 1024 Ita
205 987 296 1024 mihi
331 1000 444 1036 saepe
472 986 634 1024 occurrit
664 989 789 1024 vultus
820 987 900 1024 eius
930 988 1121 1036 querentis
1155 989 1312 1026 fortasse
1340 991 1398 1026 vel

112 1051 197 1096 hoc,
220 1063 322 1087 meas
350 1050 463 1098 partis
490 1049 528 1086 in
553 1049 596 1086 iis
626 1050 728 1087 libris
758 1050 950 1099 copiosius
979 1052 1154 1088 defensas
1181 1064 1262 1088 esse
1283 1065 1397 1100 quam

75 1128 91 1158 5
112 1125 209 1158 suas,
240 1114 345 1161 quod
376 1126 437 1150 me
468 1114 620 1150 hercule
651 1126 729 1150 non
761 1126 843 1150 esse
874 1113 1079 1162 intelleges,
1110 1114 1140 1151 si
1171 1117 1327 1162 quando
1360 1115 1397 1151 in

113 1175 271 1224 Epirum
302 1175 458 1213 veneris.
517 1177 618 1213 Nam
650 1189 752 1213 nunc
786 1176 981 1213 Alexionis
1013 1176 1182 1225 epistulis
1213 1177 1394 1215 cedimus.

111 1240 187 1276 Sed
218 1246 346 1276 tamen
377 1251 447 1287 ego
478 1251 555 1275 non
589 1240 751 1287 despero
782 1239 982 1288 probatum
1018 1239 1061 1276 iri
1090 1240 1251 1277 Varroni
1280 1248 1316 1278 et
1345 1241 1395 1286 id,

111 1301 292 1350 quoniam
331 1300 544 1349 impensam
582 1300 740 1338 fecimus
778 1300 817 1338 in
856 1304 1093 1348 macrocolla‚
1130 1302 1239 1340 facile
1277 1303 1398 1352 patior

110 1363 239 1401 teneri.
310 1364 385 1401 Sed
423 1363 536 1400 etiam
573 1370 688 1412 atque
726 1363 839 1400 etiam
877 1364 975 1409 dico,
1012 1372 1077 1401 tuo
1114 1364 1283 1413 periculo
1321 1367 1394 1403 fiet.

111 1427 197 1474 Qua
226 1440 264 1464 re
293 1426 323 1463 si
353 1425 567 1471 addubitas,
595 1427 645 1463 ad
673 1428 831 1463 Brutum
862 1434 1096 1464 transeamus
1111 1442 1121 1474 ,-
1149 1436 1205 1465 est
1234 1428 1335 1465 enim
1366 1429 1395 1466 is

109 1503 263 1538 quoque
292 1489 531 1528 Antiochius.
591 1490 626 1527 O
647 1489 897 1526 Academiam
922 1490 1122 1527 volaticam
1146 1499 1183 1528 et
1212 1491 1268 1528 sui
1297 1491 1396 1528 simi-

108 1554 206 1590 lem!
247 1553 364 1590 modo
398 1553 482 1598 huc,
515 1553 632 1589 modo
666 1552 763 1589 illuc.
822 1554 907 1598 Sed,
935 1566 1087 1601 quaeso,
1117 1554 1277 1602 epistula
1311 1568 1395 1592 mea

107 1617 156 1652 ad
177 1617 387 1652 Varronem
405 1617 565 1653 valdene
586 1615 653 1652 tibi
674 1615 843 1663 placuit?
900 1617 1003 1652 Male
1023 1616 1074 1652 mi
1095 1616 1140 1653 sit
1161 1616 1191 1653 si
1212 1630 1393 1665 umquam

109 1678 314 1727 quicquam
335 1685 412 1715 tam
440 1679 569 1716 enitar.
630 1680 730 1725 Ergo
755 1691 802 1715 nc
823 1678 954 1714 Tironi
982 1678 1137 1726 quidem
1164 1679 1302 1716 dictavi
1329 1680 1393 1728 qui

109 1749 207 1778 totas
226 1744 395 1791 περιοχὰς
415 1741 589 1790 persequi
611 1743 706 1778 solet
727 1742 794 1778 sed
815 1741 1019 1789 Spintharo
1039 1742 1261 1790 syllabatim.

150 1844 298 1878 XXVI
352 1847 418 1878 5:12
439 1847 472 1877 t'n
495 1847 673 1877 Tusculano
683 1847 764 1886 prid.
787 1847 835 1877 Id.
856 1846 932 1877 Mai.
954 1858 983 1878 a.
1005 1857 1061 1886 709
1080 1848 1158 1886 (45).

500 1922 666 1952 CICERO
690 1922 867 1952 ATTICO
897 1921 1000 1952 SAL.

162 1992 220 2028 De
234 1990 373 2039 Vergili
394 1999 498 2040 parte
514 1992 624 2028 valde
645 1991 776 2039 probo.
819 1991 880 2028 Sic
900 2004 987 2039 ages
1008 1991 1128 2040 igitur.
1171 1993 1219 2029 Et
1235 1992 1391 2041 quidem
1411 2005 1428 2030 1

107 2053 146 2090 id
161 2054 229 2091 erit
249 2054 423 2102 primum,
439 2054 652 2103 proximum
667 2054 837 2092 Clodiae.
879 2056 996 2102 Quod
1012 2055 1041 2091 si
1058 2062 1244 2101 neutrum,
1261 2063 1391 2093 metuo

152 2164 187 2192 14
212 2155 313 2193 partis
330 2155 362 2184 in
381 2155 419 2184 iis
438 2155 499 2189 (vel
512 2155 577 2187 his}
596 2154 708 2184 EORs
723 2155 793 2185 Ber.
813 2156 852 2186 I:
877 2156 1077 2194 parcissimis
1094 2155 1135 2184 M
1264 2166 1300 2194 15
1325 2166 1389 2186 non

107 2206 180 2226 esse
197 2197 359 2235 intelliges
373 2196 457 2227 codd.
468 2200 627 2236 praeterA
641 2197 726 2227 Crat.
748 2208 754 2226 :
779 2198 945 2235 intelliges
961 2208 1025 2227 non
1044 2208 1118 2228 esse
1135 2204 1161 2228 Δ
1239 2208 1278 2236 24
1304 2198 1390 2236 Ergo

108 2248 148 2268 ne
168 2238 311 2269 Schiitz:
350 2240 437 2277 Ergo
462 2244 494 2268 at
522 2250 583 2275 ego
613 2250 653 2268 ne
677 2239 762 2269 codd.
787 2240 842 2268 nbi
864 2245 895 2269 at
915 2251 976 2277 ego
997 2251 1033 2269 ex
1051 2241 1239 2279 glossemate
1260 2241 1298 2271 al.
1328 2251 1390 2278 ego

106 2284 213 2309 ortum
231 2291 293 2310 esse
302 2285 399 2320 putat
414 2281 495 2310 Boot
511 2293 517 2311 ε
541 2281 643 2320 ἔργον.
689 2282 732 2311 At
749 2292 811 2319 ego
830 2282 947 2311 Rosius
1077 2293 1117 2320 29
1141 2283 1325 2321 proximum
1345 2283 1371 2312 C
1383 2294 1391 2312 ·.

108 2322 281 2352 maximum
300 2322 340 2352 M

1247 2367 1307 2398 30*
