1690 2710
546 131 654 166 EPP.
685 132 759 166 AD
789 131 1040 168 ATTICVM
1348 132 1501 167 XVI.x

151 249 306 282 curam3
351 249 488 286 magna
523 237 625 274 enim
663 249 720 274 res
757 244 823 274 est.
880 237 970 274 Tria
1006 244 1095 274 sunt
1131 244 1270 282 autem,
1311 251 1437 275 mane-

150 312 264 337 amne
300 299 435 348 Arpini
471 313 520 337 an
557 299 711 348 propius
747 301 929 337 accedam
966 314 1015 338 an
1058 301 1209 338 veniam
1255 303 1431 338 Romam.

152 363 270 410 Quod
302 362 492 400 censueris
525 362 671 399 faciam.
729 363 805 399 Sed
838 376 952 411 quam
983 363 1158 412 primum.
1215 363 1340 401 Avide
1377 377 1436 401 ex-

150 431 282 473 specto
303 432 385 462 tuas
404 425 554 463 litteras.
612 437 651 462 V1
673 426 766 463 Idus
786 438 899 463 mane
918 440 939 464 e
959 426 1202 464 Sinuessano.

111 571 130 602 5
190 565 255 599 XI
412 569 479 601 Ser.
499 571 534 601 in
545 569 720 601 Puteolano
736 569 818 600 Non.
837 571 918 601 Nov.
937 581 965 601 a.
987 580 1044 610 710
1062 572 1146 611 (44).

545 655 713 685 CICERO
735 655 910 690 ATTJCO
932 656 1037 687 SAL.

201 741 325 779 Nonis
353 741 483 790 accepi
511 755 533 779 a
565 750 602 779 te
630 744 725 780 duas
754 742 933 791 epistulas
966 756 1126 791 quarum
1154 745 1311 780 alteram
1346 745 1432 780 Kal.
1455 752 1471 778 1

147 805 321 851 dederas,
340 806 495 842 alteram
519 805 649 854 pridie.
708 805 827 854 Igitur
854 805 956 854 prius
984 807 1033 843 ad
1057 805 1300 855 superiorem.
1359 808 1436 844 No-

147 874 265 904 strum
295 880 390 915 opus
419 867 488 905 tibi
516 868 667 917 probari
696 870 840 915 laetor3
867 882 912 906 ex
940 882 1018 917 quo
1042 869 1131 917 ἄνθη
1156 868 1238 917 ipsa
1263 869 1432 917 posuisti.

91 943 129 965 10
149 931 259 977 Quae
287 930 381 967 mihi
409 930 626 968 florentiora
654 939 742 968 sunt
760 931 840 968 visa
868 940 934 969 tuo
962 931 1129 978 iudicio3
1157 933 1302 969 cerulas
1332 931 1433 969 enim

88 991 92 994 ’
147 1000 229 1030 tuas
261 992 476 1030 miniatulas
507 993 587 1031 illas
618 993 922 1031 extimescebam.
982 996 1042 1031 De
1075 994 1184 1032 Sicca
1213 994 1264 1031 ita
1301 1002 1356 1031 est
1393 1001 1435 1031 ut

146 1056 303 1103 scribis3
332 1058 378 1093 ab
395 1064 477 1094 asta
496 1070 540 1094 ea
559 1070 669 1106 aegre
689 1071 750 1095 me
769 1057 884 1095 tenui.
928 1059 1064 1106 Itaque
1084 1057 1332 1107 perstringam
1352 1057 1433 1095 sine

146 1120 222 1156 ulla
258 1119 490 1156 contumelia
527 1119 657 1157 Siccae
693 1128 758 1157 aut
795 1120 1011 1169 Septimiae,
1051 1128 1199 1157 tantum
1236 1128 1277 1158 ut
1313 1120 1434 1158 sciant

149 1183 289 1222 ‘vx-affin,-
315 1183 471 1220 παίδων’
491 1182 572 1220 sine
601 1186 734 1234 φαλλῷ
754 1183 952 1221 Luciliano
981 1197 1069 1220 eum
1098 1198 1143 1221 ex
1171 1185 1213 1222 C.
1238 1183 1331 1221 Fadi
1358 1183 1434 1221 filia

89 1257 125 1287 15
146 1245 284 1283 liberos
318 1245 507 1283 habuisse.
564 1247 693 1294 Atque
723 1245 867 1283 utinam
902 1259 990 1283 eum
1023 1246 1126 1284 diem
1155 1246 1305 1283 videam
1343 1259 1431 1283 cum

145 1307 215 1345 ista
248 1307 367 1345 oratio
398 1307 449 1345 ita
478 1308 596 1345 libere
628 1317 782 1356 vagetur
815 1314 859 1345 ut
888 1309 1001 1346 etiam
1032 1308 1071 1346 in
1105 1309 1236 1346 Siccae
1273 1310 1432 1346 domum

144 1370 328 1408 introeat!
385 1371 460 1408 Sed
486 1371 551 1408 illo
570 1378 742 1420 tempore
761 1385 857 1419 opus
884 1380 940 1409 est
967 1373 1072 1420 quod
1098 1372 1167 1409 fuit
1194 1372 1264 1409 illis
1285 1371 1430 1409 111viris.

146 1433 289 1470 Moriar
308 1433 379 1470 nisi
399 1435 542 1471 facete}
599 1436 659 1471 Tu
686 1448 774 1472 vero
800 1436 902 1484 leges
928 1437 1042 1472 Sexto
1071 1435 1229 1484 eiusque
1248 1434 1433 1472 iudicium

144 1496 238 1533 mihi
265 1497 484 1545 perscribes.
546 1497 629 1538 (Εἷς
655 1499 733 1547 ἐμοὶ
759 1500 901 1548 μύριοι]
957 1498 1090 1537 Caleni
1117 1498 1373 1536 interventum
1396 1506 1434 1536 et

88 1576 125 1596 20
145 1561 335 1599 Calvenae
355 1561 516 1598 cavebis.

197 1625 315 1671 Quod
344 1624 480 1661 vereris
511 1639 560 1662 ne
588 1625 791 1675 ἀδόλεσχος
820 1625 913 1662 mihi
945 1634 998 1672 tu,
1022 1625 1106 1674 quis
1137 1625 1292 1662 minus?
1343 1626 1429 1671 Cui,
1449 1635 1473 1661 2

144 1694 185 1724 ut
212 1686 459 1736 Aristophani
487 1688 708 1726 Archilochi
737 1689 896 1735 iambus,
928 1689 981 1726 sic
1012 1689 1173 1737 epistula
1203 1694 1268 1725 tzca
1296 1689 1432 1738 longis-

144 1749 239 1787 sima
259 1763 433 1799 quaeque
453 1751 599 1799 optima
618 1752 776 1789 videtur.
835 1753 952 1799 Quod
979 1766 1040 1789 me
1065 1753 1264 1798 admones.
1284 1759 1324 1789 tu
1343 1766 1433 1790 vero

145 1813 259 1850 etiam
291 1813 320 1850 si
353 1815 608 1862 reprenderes,
642 1829 719 1852 non
752 1816 868 1852 modo
902 1815 1010 1852 facile
1042 1822 1188 1863 paterer
1218 1816 1284 1852 sed
1318 1815 1432 1852 etiam

88 1890 127 1920 25
145 1877 313 1923 laetarer,
351 1877 493 1926 quippe
529 1891 617 1915 cum
656 1878 693 1915 in
731 1878 974 1926 reprensione
1011 1878 1058 1915 sit
1101 1877 1302 1925 prudentia
1345 1892 1431 1915 cum

187 1988 204 2014 4
230 1987 248 2006 e
279 1977 483 2008 Sinuessano
513 1977 716 2018 Wesenberg:
749 1980 779 2008 in
806 1989 964 2009 suasseno
990 1978 1030 2008 Μ
1156 1988 1177 2016 9
1199 1977 1273 2016 ἄνθη
1295 1978 1431 2010 Lamb.:

144 2024 222 2048 ante
248 2019 289 2048 M
417 2030 455 2050 10
486 2021 677 2051 florentiora
705 2022 745 2051 C:
780 2022 928 2051 florentia
956 2021 994 2050 M
1123 2031 1160 2050 12
1182 2021 1224 2050 ab
1251 2020 1325 2051 add.
1353 2021 1434 2051 Reid

143 2065 215 2091 asta
237 2072 275 2091 ea
298 2062 332 2101 (ι’.
347 2072 370 2092 e.
397 2062 489 2092 hasla
510 2074 554 2099 ea,
572 2065 608 2101 cf.
627 2063 762 2102 Pm'apea
781 2073 832 2101 43.
854 2064 886 2101 1)
904 2063 956 2092 M¹
979 2063 1119 2093 Gurlz'tt:
1143 2064 1235 2092 hasta
1254 2074 1292 2092 ea
1309 2063 1360 2092 M2
1375 2063 1429 2094 Fr.

144 2103 291 2132 Schmidt
314 2105 387 2142 (qui
403 2104 518 2137 ὀβελὸν
534 2107 711 2135 crz'licormn
731 2106 886 2144 intellegit,
905 2117 911 2135 z
936 2111 1004 2135 aste
1022 2105 1070 2135 Z:
1095 2110 1145 2134 ast
1167 2105 1238 2135 Vict.
1257 2116 1262 2134 :
1287 2105 1431 2135 Asturae

147 2145 192 2175 C:
215 2156 233 2175 a
256 2146 346 2176 Staia
365 2145 546 2186 Lehmann,
561 2151 634 2187 post
648 2147 805 2187 Madvig:
830 2159 848 2177 a
874 2148 974 2177 Fadia
997 2147 1114 2176 Lmnb.
1259 2158 1295 2185 14
1318 2150 1430 2187 φαλλῷ

147 2186 281 2216 Gurlitt:
305 2188 390 2218 vallo
409 2189 494 2219 codd.
517 2201 523 2219 :
546 2191 639 2228 ὕθλῳ,
659 2193 801 2230 φραγμῷ,
819 2190 894 2220 allio
909 2190 1120 2228 (Τιινηεί-ιιε),
1139 2190 1222 2226 sino,
1246 2190 1330 2226 felle,
1352 2190 1426 2228 bile,

143 2232 172 2258 et
191 2229 254 2259 alia
270 2230 327 2259 alii
463 2233 501 2261 16
523 2237 559 2262 ut
579 2232 654 2263 add.
672 2232 758 2272 vulg.
916 2243 950 2270 17
975 2242 1038 2270 quo
1059 2232 1179 2261 fuerint
1202 2232 1246 2261 illi
1268 2233 1429 2262 triumviri

147 2270 326 2302 Gronovius
476 2283 514 2311 19
537 2274 650 2304 Caleni
668 2279 760 2304 veth:
786 2275 882 2304 talem
908 2273 948 2303 M
1073 2284 1111 2304 ‘22
1136 2279 1191 2303 tua
1214 2273 1290 2304 add.
1313 2273 1430 2305 Lamb.

146 2323 185 2350 25
209 2315 252 2343 sit
265 2314 424 2345 Corradus
439 2325 445 2344 :
469 2315 571 2346 etM:
595 2321 682 2347 esset
698 2317 794 2347 Klolz
