1590 2730
495 156 605 192 EPP.
633 156 710 191 AD
738 157 990 194 ATTICVM
1355 161 1401 196 X.
1421 159 1467 194 iv

122 270 249 301 autem
277 263 412 301 lenitas
439 263 605 300 amanda
632 263 758 311 potius
785 264 834 300 ab
860 263 924 300 illo
953 278 1067 312 quam
1096 273 1174 302 tam
1203 266 1401 303 crudeliter

122 327 367 375 neglegenda.
425 327 527 363 Nam
564 325 705 362 litteras
742 325 822 363 eius
859 328 908 363 ad
943 328 1145 365 Caesarem
1183 329 1314 366 missas
1352 329 1403 365 ita

122 389 281 438 graviter
305 388 460 426 tulimus
489 396 530 426 ut
554 396 591 425 te
614 388 771 437 quidem
797 390 1004 426 celaremus
1034 392 1101 427 sed
1127 390 1243 439 ipsius
1263 391 1403 429 videre-

125 465 208 489 mur
226 451 341 489 vitam
361 452 557 489 insuavem
577 451 798 489 reddidisse.
852 454 943 489 Hoc
961 466 1049 489 vero
1070 453 1150 490 eius
1170 453 1238 490 iter
1257 454 1404 491 simula-

89 527 105 558 5
124 515 254 564 tioque
273 514 422 564 pietatis
446 515 566 564 qualis
586 514 697 552 fuerit
719 528 798 552 non
826 517 952 553 audeo
972 516 1097 553 dicere
1111 530 1121 563 >⁰
1153 524 1299 553 tantum
1327 517 1405 554 scio

123 586 210 628 post
231 578 401 616 Hirtium
428 586 660 616 conventum
686 578 907 616 arcessitum
933 592 955 616 a
976 580 1148 625 Caesare,
1171 593 1255 616 cum
1284 594 1330 617 eo
1357 582 1404 618 de

122 655 208 679 meo
236 642 365 680 animo
392 655 415 679 a
440 642 516 680 suis
545 641 754 679 rationibus
784 641 1017 679 alienissimo
1045 650 1083 680 et
1111 643 1270 680 consilio
1298 644 1405 680 relin-

122 705 264 754 quendi
298 705 471 752 Italiam3
513 712 550 743 et
580 707 674 743 haec
705 705 787 754 ipsa
820 705 963 743 timide.
1034 706 1110 743 Sed
1142 708 1245 743 nulla
1277 715 1404 744 nostra

120 769 233 816 culpa
270 775 336 813 est,
368 775 502 805 natura
538 768 746 805 metuenda
782 775 848 805 est.
918 769 1029 805 Haec
1061 768 1278 815 Curionem,
1309 771 1403 807 haec

65 841 103 864 10
122 830 305 868 Hortensi
335 831 467 877 filium,
491 844 569 868 non
598 839 747 879 patrum
776 832 888 878 culpa
916 831 1092 880 corrupit.

173 895 278 931 Iacet
297 893 335 930 in
357 907 525 931 maerore
546 907 653 930 meus
673 895 784 930 frater
803 907 928 942 neque
948 901 1025 930 tam
1046 895 1094 931 de
1114 907 1181 932 sua
1196 895 1271 933 vita
1286 909 1401 944 quam

120 958 169 994 de
189 970 273 994 mea
293 957 436 994 metuit.
488 957 592 994 Huic
612 964 652 994 tu
674 955 781 1007 [huic
797 955 855 1007 tu']
873 958 974 994 malo
988 958 1094 994 adfer
1109 959 1400 1006 consolationes,

121 1019 151 1057 si
171 1021 265 1057 ullas
286 1028 419 1069 potes3
448 1020 610 1058 maxime
631 1020 787 1068 quidem
814 1020 917 1057 illam
936 1020 1061 1065 velim,
1084 1034 1127 1057 ea
1147 1035 1244 1069 quae
1263 1024 1311 1059 ad
1332 1036 1402 1060 nos

121 1083 246 1120 delata
275 1083 349 1120 sint
379 1091 443 1120 aut
473 1085 566 1120 falsa
595 1096 677 1120 esse
706 1090 770 1119 aut
801 1082 956 1120 minora.
1016 1084 1125 1130 Quae
1151 1084 1180 1120 si
1205 1097 1290 1122 vera
1315 1086 1400 1132 sint,

66 1159 101 1190 15
120 1145 212 1194 quid
232 1147 399 1183 futurum
421 1146 466 1183 sit
486 1146 524 1182 in
545 1147 616 1183 hac
636 1145 711 1182 vita
731 1154 767 1183 et
787 1147 874 1194 fuga
894 1146 1032 1184 nescio.
1078 1148 1177 1183 Nam
1199 1148 1228 1184 si
1250 1149 1401 1187 liabere-

120 1222 204 1246 mus
224 1223 301 1246 rem
323 1209 530 1258 publicam,
543 1208 744 1246 consilium
766 1209 857 1245 mihi
876 1222 952 1245 non
973 1210 1122 1247 deesset
1142 1223 1212 1248 nec
1232 1213 1280 1248 ad
1302 1225 1402 1250 Seve-

119 1272 267 1310 ritatem
299 1286 369 1309 nec
402 1274 450 1310 ad
479 1272 765 1321 indulgentiam.
835 1274 949 1310 Nunc
979 1273 1072 1310 haec
1102 1273 1179 1311 sive
1207 1273 1402 1312 iracundia

119 1335 196 1373 sive
225 1337 356 1373 dolore
387 1335 464 1372 sive
496 1343 599 1372 metu
630 1342 824 1384 permotus
856 1335 1003 1383 gravius
1035 1336 1164 1384 scripsi
1194 1350 1307 1386 quam
1336 1346 1401 1375 aut

120 1406 205 1435 tuus
225 1398 263 1435 in
285 1398 390 1435 illum
410 1412 516 1435 amor
535 1406 599 1435 aut
620 1411 726 1435 meus
753 1399 993 1446 postulabat,
1024 1398 1053 1435 si
1074 1413 1161 1436 vera
1180 1408 1277 1446 sunt,
1299 1400 1401 1449 igno-

63 1477 101 1498 20
119 1475 211 1507 sces,
227 1462 284 1499 sin
298 1463 400 1507 falsa,
416 1475 477 1499 me
497 1461 638 1498 liben'te
655 1461 789 1510 eripies
804 1461 896 1498 mihi
909 1463 1011 1498 hunc
1027 1476 1199 1500 errorem.
1233 1465 1401 1512 Quoquo

119 1527 235 1563 modo
255 1539 343 1564 vero
368 1539 407 1563 se
433 1539 490 1563 res
518 1524 685 1571 habebit,
708 1525 801 1562 nihil
827 1525 1044 1574 adsignabis
1070 1539 1141 1563 nec
1167 1534 1301 1575 patruo
1329 1541 1400 1566 nec

116 1590 221 1639 patri.

170 1655 269 1692 Cum
304 1656 398 1692 haec
431 1654 677 1702 scripsissem,
707 1666 728 1689 a
760 1652 926 1690 Curione
966 1652 1056 1689 mihi
1096 1654 1309 1691 nuntiatum
1344 1659 1440 1698 est7

116 1729 204 1753 eum
230 1719 279 1755 ad
306 1731 367 1755 me
386 1717 523 1755 venire.
582 1718 747 1753 Venerat
775 1716 876 1753 enim
904 1715 933 1752 is
958 1715 996 1752 in
1017 1717 1234 1754 Cumanum
1255 1718 1400 1766 vesperi

60 1791 97 1822 25
115 1779 246 1829 pridie,
282 1780 321 1818 id
359 1788 415 1819 est
454 1780 598 1818 Idibus.
661 1779 699 1816 Si
737 1778 830 1827 quid
868 1778 978 1827 igitur
1016 1778 1095 1816 eius
1134 1780 1238 1817 modi
1276 1794 1399 1819 sermo

116 1843 195 1881 eius
233 1844 398 1882 attulerit
431 1845 535 1893 quod
572 1845 621 1881 ad
655 1850 691 1881 te
729 1842 974 1880 scribendum
1014 1842 1070 1888 sit,
1101 1842 1140 1880 id
1174 1843 1230 1881 his
1269 1844 1398 1883 litteris

113 1907 328 1957 adiungam.

168 1971 360 2009 Praeteriit
397 1971 524 2010 villam
563 1985 687 2009 meam
726 1970 843 2009 Curio
881 1970 1064 2019 iussitque
1102 1971 1194 2007 mihi
1232 1971 1436 2013 nuntiari8

113 2048 202 2072 mox
222 2048 261 2072 se
281 2043 482 2073 venturum
509 2035 748 2083 cucurritque
770 2035 949 2071 Puteolos
970 2041 1010 2070 ut
1030 2033 1082 2070 ibi
1102 2034 1392 2073 contionaretur.

157 2145 193 2164 12
216 2136 290 2165 huic
307 2140 341 2165 tu
357 2135 412 2165 del.
430 2136 558 2165 Baiter:
582 2136 654 2165 111116
672 2135 738 2170 [tul
756 2134 830 2164 111116
847 2139 879 2163 tu
896 2135 1021 2172 Kayser
1166 2144 1202 2171 14
1226 2145 1302 2164 vera
1319 2140 1395 2165 sunt

117 2176 299 2217 Wesenberg
439 2189 474 2216 15
498 2178 565 2207 vita
581 2183 612 2207 et
631 2178 693 2207 OR
709 2177 788 2206 Ant.
805 2176 851 2205 FI
863 2176 946 2205 codd.
963 2176 1079 2205 Eosc'L
1098 2176 1233 2215 (weng),
1249 2188 1254 2205 :
1280 2188 1343 2207 om.
1361 2177 1400 2207 M

115 2229 151 2258 17
169 2220 407 2258 indulgentiam
421 2221 527 2251 Mam:
552 2220 755 2256 diligentiam
772 2218 856 2248 codd.
948 2218 1039 2247 Nunc
1058 2219 1136 2247 haec
1150 2218 1253 2248 Crat.:
1278 2219 1320 2250 M.
1336 2230 1396 2249 1166

112 2261 164 2291 M¹
180 2273 186 2292 :
211 2273 296 2292 nunc
312 2262 469 2292 ERM2s:
493 2264 574 2293 haee
592 2261 664 2291 Vsct.
807 2271 847 2290 20
871 2261 921 2289 sin
940 2261 1023 2290 Reid
1037 2260 1082 2289 ad
1095 2260 1198 2290 Acad.
1216 2261 1233 2289 i.
1252 2272 1268 2299 7
1285 2273 1291 2290 :
1314 2262 1341 2291 si
1360 2262 1399 2290 M

112 2314 151 2342 25
176 2304 276 2341 igitur
292 2305 362 2334 eius
379 2306 465 2334 modi
480 2305 575 2334 Rom.
591 2316 597 2334 :
623 2305 693 2333 eius
712 2303 811 2342 igitur
827 2303 913 2332 modi
931 2302 987 2333 M:
1012 2303 1109 2341 igitur
1124 2303 1202 2333 mihi
1219 2303 1288 2333 eius
1303 2303 1400 2334 Orelli

113 2346 185 2384 (del.
203 2347 272 2377 eius
288 2347 308 2377 l.
330 2349 386 2386 26)
515 2348 555 2375 26
579 2347 629 2376 his
645 2346 786 2376 Sclzzitz:
811 2345 842 2375 in
859 2345 944 2375 codd.
