1590 2730
494 135 602 172 EPP.
633 136 708 171 AD
736 135 988 173 ATTICVM
1306 138 1373 174 IX.
1391 148 1420 174 x

91 244 236 284 deliora
261 243 376 282 etiam
404 242 558 292 cogitari
586 249 623 280 et
651 241 771 291 parari
799 241 990 280 videbam.
1059 245 1126 281 Me
1154 257 1269 293 quem
1302 259 1380 283 non

92 308 185 345 nulli
217 314 521 346 conservatorem
554 305 661 343 istius
691 305 807 352 urbis,
835 318 950 354 quem
984 314 1179 354 parentem
1213 321 1294 346 esse
1327 309 1380 346 di-

91 378 226 409 xerunt
258 372 441 409 Getarum
469 377 507 407 et
534 368 804 406 Armeniorum
835 376 872 406 et
903 370 1137 406 Colchorum
1171 371 1299 420 copias
1331 373 1381 410 ad

92 448 176 472 eam
204 435 426 472 adducere?
458 446 520 470 me
548 432 642 470 meis
670 432 816 469 civibus
840 433 991 477 famem,
1013 433 1227 472 vastitatem
1247 435 1382 474 inferre

56 515 74 546 5
93 498 254 537 Italiae?
309 499 427 534 Hunc
452 496 617 546 primum
646 496 845 532 mortalem
874 508 966 541 esse,
989 496 1130 535 deinde
1150 498 1264 536 etiam
1290 501 1383 536 mul-

91 562 138 599 tis
158 561 282 599 modis
301 573 415 610 posse
440 558 627 608 exstingui
654 558 879 607 cogitabam,
902 560 1035 597 urbem
1062 569 1190 599 autem
1210 570 1247 599 et
1266 575 1383 611 popu-

91 626 171 662 lum
208 631 379 661 nostrum
416 624 643 660 servandum
680 624 730 660 ad
760 623 1093 670 immortalitatem,
1126 633 1311 673 quantum
1344 625 1383 662 in

92 687 203 725 nobis
236 694 343 732 esset,
374 686 566 735 putabam,
594 693 630 723 et
658 693 786 724 tamen
816 700 901 736 spes
930 688 1119 736 quaedam
1148 701 1209 725 me
1242 696 1385 726 susten-

93 751 196 788 tabat
216 751 294 788 fore
313 757 354 787 ut
373 749 517 798 aliquid
537 750 756 788 conveniret
784 751 910 800 potius
937 764 1051 799 quam
1071 759 1135 788 aut
1155 751 1216 788 hic
1236 759 1383 789 tantum

37 831 75 854 10
93 813 241 852 sceleris
273 821 338 851 aut
367 813 429 851 ille
466 821 614 851 tantum
647 814 762 863 flagiti
791 814 1017 852 admitteret.
1074 814 1161 851 Alia
1192 828 1249 852 res
1282 828 1385 852 nunc

92 885 172 915 tota
191 884 257 923 est,
278 877 350 914 alia
370 890 478 914 mens
498 891 592 915 mea.
651 879 725 924 Sol,
748 885 789 914 ut
809 885 865 915 est
884 877 922 914 in
943 885 1007 915 tua
1026 879 1192 926 quadarn
1212 877 1382 927 epistula,

92 941 275 980 excidisse
304 940 396 977 mihi
425 955 445 979 e
475 943 621 979 mundo
649 941 809 979 videtur.
864 943 915 978 Vt
943 949 1108 990 aegroto,
1136 943 1228 979 dum
1258 941 1385 978 anima

92 1013 159 1052 est,
181 1018 266 1054 spes
286 1018 368 1042 esse
389 1004 536 1051 dicitur,
558 1004 611 1042 sic
632 1018 711 1054 ego,
735 1005 863 1053 quoad
885 1004 1089 1053 Pompeius
1109 1004 1147 1041 in
1175 1004 1284 1041 Italia
1302 1004 1382 1050 fuit,

92 1083 240 1119 sperare
260 1082 338 1106 non
359 1068 496 1107 destiti.
556 1070 676 1114 Haec,
699 1070 793 1105 haec
814 1081 874 1105 me
894 1069 1105 1105 fefellerunt
1125 1075 1172 1114 et,
1194 1075 1234 1105 ut
1254 1081 1384 1105 verum

37 1147 74 1178 ¹5
92 1135 234 1182 loquar,
267 1140 369 1170 aetas
403 1132 478 1170 iam
515 1146 537 1169 a
567 1132 753 1170 diuturnis
783 1131 977 1169 laboribus
1007 1133 1150 1169 devexa
1181 1133 1229 1169 ad
1264 1131 1384 1168 otium

93 1196 386 1235 domesticarum
426 1210 487 1234 me
524 1209 647 1233 rerum
685 1195 939 1233 delectatione
976 1194 1147 1232 mollivit.
1202 1196 1317 1231 Nunc
1354 1193 1383 1231 si

92 1264 150 1300 vel
188 1261 398 1311 periculose
436 1259 710 1309 experiundum
749 1258 827 1304 erit,
863 1258 1031 1307 experiar
1073 1265 1173 1295 certe
1210 1265 1251 1294 ut
1295 1257 1384 1294 hinc

91 1328 251 1365 avolem.
308 1327 409 1362 Ante
434 1322 601 1372 oportuit
626 1324 808 1368 fortasse3
837 1322 904 1359 sed
930 1335 973 1359 ea
999 1334 1096 1370 quae
1122 1319 1300 1369 scripsisti
1322 1333 1382 1357 me

91 1392 286 1429 tardarunt
319 1396 355 1426 et
386 1387 589 1425 auctoritas
623 1386 784 1423 maxime
815 1392 888 1422 tua.
946 1386 1047 1422 Nam
1078 1397 1167 1422 cum
1200 1385 1249 1421 ad
1279 1384 1424 1428 hunc4

36 1466 76 1490 20
93 1459 220 1495 locum
249 1455 447 1500 venissem,
470 1452 591 1490 evolvi
620 1452 798 1488 volumen
829 1449 1072 1499 epistularum
1100 1456 1248 1486 tuarum
1277 1448 1383 1496 quod

93 1535 164 1570 ego
191 1522 256 1558 sub
284 1520 392 1569 signo
425 1518 549 1555 habeo
579 1528 763 1563 servoque
796 1513 1095 1563 diligentissime.
1153 1514 1242 1549 Erat
1275 1511 1385 1559 igitur

93 1585 130 1622 in
161 1599 205 1623 ea
232 1598 346 1634 quam
373 1595 399 1620 x
428 1584 475 1619 K.
500 1581 608 1618 Febr.
629 1580 799 1623 dederas,
822 1579 895 1614 hoc
916 1577 1042 1621 modo,
1069 1576 1167 1612 ‘Sed
1187 1574 1383 1612 videamus

93 1656 130 1687 et
150 1651 304 1687 Gnaeus
320 1646 413 1696 quid
432 1653 517 1695 agat
536 1652 573 1682 et
593 1643 690 1680 illius
711 1641 874 1679 rationes
895 1652 1076 1688 quorsum
1097 1640 1227 1675 fluant.
1266 1637 1383 1685 Quod

93 1713 123 1750 si
161 1712 230 1749 iste
268 1711 417 1748 Italiam
455 1709 651 1757 relinquet,
686 1706 796 1744 faciet
834 1704 992 1741 omnino
1026 1704 1123 1739 male
1156 1708 1203 1747 et,
1235 1708 1276 1738 ut
1313 1713 1383 1748 ego

38 1783 75 1813 25
93 1775 276 1821 existimo,
308 1775 519 1826 ἀλογίστως,
550 1774 617 1810 sed
650 1779 730 1809 tum
761 1771 917 1808 demum
948 1766 1105 1804 consilia
1132 1772 1259 1802 nostra
1284 1776 1385 1800 com-

94 1840 277 1877 mutanda
302 1839 434 1876 erunt.’
490 1838 580 1874 Hoc
610 1834 740 1873 scribis
767 1840 853 1882 post
878 1831 980 1869 diem
1005 1836 1179 1878 quartum
1201 1840 1315 1876 quam
1335 1826 1384 1863 ab

93 1903 186 1940 urbe
214 1901 470 1940 discessimus.
526 1899 678 1937 Deinde
706 1909 777 1934 VIII
809 1898 856 1933 K.
890 1895 1010 1940 Febr„
1045 1894 1235 1929 ‘Tantum
1266 1891 1382 1927 modo

95 1967 249 2003 Gnaeus
277 1972 404 2002 noster
432 1977 491 2009 ne,
513 1970 554 2001 ut
582 1963 714 2000 urbem
744 1961 944 2011 ἀλογίστως
968 1956 1128 2006 reliquit,
1150 1955 1203 1992 sic
1232 1953 1380 1991 Italiam

94 2028 303 2077 relinquat.’
372 2028 521 2065 Eodem
559 2026 621 2063 die
658 2026 726 2062 das
762 2026 896 2061 alteras
932 2022 1073 2059 litteras
1110 2018 1248 2068 quibus
1289 2015 1383 2053 mihi

36 2099 78 2131 30
96 2091 309 2130 consulenti
329 2090 547 2141 planissime
567 2090 784 2138 respondes.
836 2090 903 2125 Est
933 2085 1034 2123 enim
1064 2084 1126 2129 sic,
1152 2083 1251 2119 ‘Sed
1271 2080 1383 2118 venio

137 2194 157 2223 8
180 2204 231 2223 me
256 2192 461 2223 sustentabat
485 2191 512 2221 L
539 2191 676 2229 (marg.)
700 2188 804 2219 Boot:
837 2199 889 2218 me
915 2187 1105 2218 obtentabat
1130 2185 1214 2216 codd.
1239 2182 1385 2214 Schmidt

97 2236 210 2275 <simili
229 2246 323 2266 sensu
350 2245 386 2265 ac
405 2233 642 2264 sustentabatN
667 2233 708 2261 mi
732 2232 919 2261 ostentabat
942 2236 1028 2263 (cum
1054 2239 1131 2267 spes
1153 2238 1188 2258 se
1207 2225 1382 2266 quaedam)

95 2279 173 2309 coni.
190 2277 326 2308 Lamb.:
349 2287 401 2307 me
417 2276 603 2306 oblectabat
619 2274 727 2304 Moser
825 2283 861 2311 14
885 2273 986 2311 Haec⁷
1004 2273 1086 2302 haec
1103 2266 1228 2304 EOZb:
1253 2270 1334 2298 haec
1347 2266 1387 2296 M

101 2323 147 2359 16,
171 2331 206 2358 17
229 2321 258 2351 si
280 2319 332 2350 vel
356 2318 541 2358 periculose
565 2317 701 2347 Lama:
727 2316 796 2346 sive
822 2315 1004 2354 periculose
1025 2307 1173 2343 EORZI:
1203 2314 1271 2343 sive
1297 2311 1382 2350 peri-

95 2364 167 2393 culo
185 2364 230 2393 M
313 2363 349 2392 18
373 2361 533 2400 scripsisti
548 2361 588 2390 M
601 2372 605 2389 :
635 2359 750 2397 scripsi
770 2358 923 2389 Graevius
939 2368 977 2387 ex
993 2356 1144 2387 codicibus
1160 2353 1345 2386 Balliolensi
1357 2356 1384 2383 et

95 2404 359 2436 Helmstadttcnsi
482 2413 519 2433 21
547 2402 606 2433 sub
623 2401 695 2432 add.
712 2405 779 2431 vett.
