1590 2730
548 123 656 160 EPP.
690 124 763 159 AD
793 124 1043 161 ATTICVM
1308 123 1423 159 XIII.
1445 122 1474 157 li

153 231 312 278 puderet
341 230 394 267 tui
427 243 475 267 ne
508 229 665 267 ridicule
689 230 908 275 †micillus†‚
938 244 1008 268 nec
1035 244 1096 268 me
1120 232 1273 267 hercule
1307 229 1437 278 scripsi

152 291 258 329 aliter
277 305 321 329 ac
341 292 371 329 si
390 294 478 341 πρὸς
496 293 576 330 ἴσον
601 293 800 342 ὅμοιονηυε
829 293 1041 331 scriberem.
1102 295 1207 330 Bene
1235 292 1337 330 enim
1366 291 1438 329 exi-

153 354 266 392 stimo
286 356 334 392 de
354 355 425 392 illis
445 355 557 401 libris,
580 363 621 392 ut
650 355 715 393 tibi
734 369 871 393 coram.
932 358 1067 404 Itaque
1091 355 1222 404 scripsi
1243 363 1279 393 et
1308 358 1438 392 ἀκολα-

153 419 279 457 κεύτως
315 425 352 455 et
398 426 525 456 tamen
562 418 616 456 sic
654 426 694 456 ut
732 418 825 455 nihil
863 432 951 456 eum
992 418 1204 456 existimem
1250 420 1436 456 lecturum

115 492 132 522 5
152 480 341 518 libentius.

206 545 266 581 De
294 544 421 582 Attica
447 558 549 582 nunc
569 546 725 582 demum
753 544 845 581 mihi
875 552 931 582 est
959 547 1219 594 exploratumg
1248 545 1376 593 itaque
1402 544 1436 582 ei
1454 551 1478 578 2

152 607 201 643 de
238 606 383 655 integro
420 609 614 656 gratulare.
672 607 875 656 Tigellium
914 615 1036 645 totum
1075 608 1167 644 mihi
1205 615 1242 645 et
1280 607 1436 656 quidem

153 682 268 717 quam
297 670 487 719 primum;
527 684 615 708 nam
644 672 796 720 pendeo
824 671 952 708 animi.
1010 673 1132 708 Narro
1161 671 1240 716 tibi,
1270 670 1438 718 Quintus

153 744 258 778 crasg
287 734 354 770 sed
374 735 422 771 ad
443 747 504 771 me
522 747 571 771 an
591 735 640 771 ad
661 742 697 771 te
717 734 857 771 nescio.
917 734 973 771 Mi
1003 734 1150 782 scripsit
1175 736 1340 771 Romam
1365 745 1436 770 vm

99 806 136 829 10
156 796 240 831 Kal.
298 797 373 833 Sed
411 795 494 834 misi
532 796 596 845 qui
634 796 816 834 invitaret.
875 796 957 834 Etsi
994 798 1120 834 hercle
1157 796 1231 834 iam
1271 798 1437 834 Romam

151 857 384 896 veniendum
412 867 468 897 est
497 873 545 897 ne
573 860 634 898 ille
662 868 750 898 ante
778 862 940 898 advolet.

198 961 281 995 LII
424 966 491 996 Ser.
511 966 543 996 in
560 965 735 996 Pttlcolczuo
750 968 804 997 xiv
819 967 860 998 K.
879 967 948 997 Icm.
969 977 998 998 a.
1017 976 1074 1006 709
1094 968 1173 1006 μς).

543 1041 709 1071 CICERO
736 1041 913 1071 ATTICO
943 1041 1045 1072 SAL.

201 1111 237 1148 O
264 1109 454 1159 hospitem
475 1109 567 1146 mihi
592 1118 667 1147 tam
694 1124 845 1159 gravem
871 1112 1165 1159 ἀμεταμέλητονέ
1223 1111 1307 1148 Fuit
1333 1111 1434 1149 enim
1456 1120 1471 1146 1

94 1187 130 1218 15
149 1173 394 1221 periucunde.
452 1174 527 1210 Sed
548 1186 635 1210 cum
654 1174 834 1211 secundis
863 1175 1126 1212 Saturnalibus
1145 1176 1194 1212 ad
1218 1175 1434 1224 Philippum

149 1236 293 1285 vesperi
325 1236 499 1281 venisset,
532 1236 618 1274 villa
650 1236 701 1274 ita
730 1239 922 1286 completa
953 1252 975 1275 a
1006 1238 1188 1276 militibus
1219 1246 1275 1276 est
1309 1246 1348 1275 ut
1377 1238 1436 1275 vix

149 1299 352 1337 triclinium
381 1298 448 1336 ubi
474 1307 675 1337 cenaturus
703 1299 783 1348 ipse
804 1302 944 1339 Caesar
970 1308 1069 1338 esset
1093 1309 1241 1339 vacaret
1256 1317 1265 1348 ς
1294 1301 1437 1350 quippe

148 1363 348 1400 hominum
369 1374 432 1400 Clo
452 1374 526 1400 Clo.
575 1364 675 1401 Sane
695 1376 779 1401 sum
800 1372 1015 1401 commotus
1036 1365 1129 1413 quid
1150 1366 1317 1402 futurum
1338 1372 1436 1402 esset

148 1426 354 1475 postridie3
381 1440 426 1464 ac
455 1426 547 1463 mihi
573 1427 697 1465 Barba
718 1427 871 1466 Cassius
891 1427 1085 1473 subvenit,
1108 1429 1287 1465 custodes
1316 1428 1433 1466 dedit.

91 1503 130 1524 20
148 1491 281 1528 Castra
309 1489 347 1527 in
377 1503 476 1539 agro,
499 1490 585 1528 villa
617 1492 774 1528 defensa
802 1499 868 1529 est.
928 1493 997 1528 Ille
1026 1491 1143 1528 tertiis
1172 1491 1433 1529 Saturnalibus

146 1555 248 1601 apud
270 1553 489 1603 Philippum
505 1555 554 1591 ad
575 1555 608 1590 h.
633 1566 686 1591 V11
710 1567 780 1591 nec
800 1568 1034 1603 quemquam
1049 1554 1227 1601 admisit3
1255 1555 1430 1600 rationes,

145 1616 291 1665 opinor,
327 1630 414 1654 cum
454 1618 585 1654 Balbo.
655 1618 752 1655 Inde
784 1617 994 1655 ambulavit
1026 1617 1065 1654 in
1096 1618 1214 1656 litore.
1273 1621 1363 1656 Post
1394 1620 1428 1655 h.

146 1691 215 1716 vl11
248 1680 285 1716 in
316 1680 505 1717 balneum.
563 1682 664 1717 Tum
692 1680 838 1718 audivit
866 1682 915 1719 de
946 1683 1150 1727 Mamurra,
1178 1683 1323 1719 vultum
1354 1695 1431 1719 non

147 1743 314 1780 mutavit.
372 1745 520 1780 Vnctus
546 1751 612 1790 est,
634 1744 823 1781 accubuit.
884 1745 1072 1793 Ἐμετικὴν
1091 1745 1237 1793 agebat.
1296 1747 1432 1794 Itaque

90 1820 127 1851 25
146 1813 183 1843 et
211 1806 288 1843 edit
315 1814 351 1843 et
380 1806 476 1844 bibit
504 1808 612 1846 ἀδεῶς
637 1815 674 1846 et
700 1807 876 1853 iucunde,
899 1807 1055 1857 opipare
1075 1821 1166 1846 sane
1191 1816 1228 1846 et
1254 1817 1432 1858 apparate

146 1882 217 1906 nec
236 1869 275 1907 id
296 1871 419 1907 solum
440 1871 508 1908 sed

950 1935 1072 1972 ‘bene
1100 1942 1211 1973 cocto
1239 1942 1276 1972 et

274 1995 432 2034 condito
460 2009 635 2034 sermone
665 1996 768 2034 bono
797 2004 844 2041 et,
876 1996 905 2034 si
935 1997 1094 2045 quaeris,
1126 1997 1310 2035 libenter.>

191 2105 202 2124 1
230 2095 375 2131 μικκύλος
390 2097 437 2125 vel
452 2096 581 2126 humilis
599 2096 673 2125 coni.
692 2096 773 2125 Boot
794 2096 870 2126 duce
894 2097 1050 2127 Gronovio
1065 2108 1072 2126 :
1096 2098 1278 2128 hemicillus
1294 2098 1408 2128 Rosius
1424 2111 1430 2129 :

144 2137 303 2168 ainicillus
331 2138 466 2176 Tyrrell:
492 2138 676 2168 inimiculus
704 2138 840 2169 Gztrlitl:
873 2138 1029 2168 Μίκυλλος
1053 2139 1200 2169 Schmidt
1215 2141 1279 2171 coll.
1299 2141 1434 2171 Luciam'

147 2179 227 2209 Gall.
251 2190 275 2217 Ι,
298 2179 437 2218 Isyrcmn.
467 2190 501 2218 14
519 2181 616 2218 :joth
635 2181 693 2210 sim
711 2180 807 2219 κόλαξ
903 2183 922 2211 8
947 2182 1051 2211 Narro
1068 2181 1156 2212 codd.
1170 2186 1295 2220 praeter
1310 2189 1346 2221 Δ,
1366 2194 1393 2214 v.
1407 2195 1428 2213 c.

146 2222 172 2251 L
191 2223 325 2261 (anarg.)
344 2218 388 2250 ΖΙ)
404 2234 410 2252 z
437 2223 583 2252 Narrabo
600 2227 627 2252 Δ
784 2224 821 2252 16
844 2234 862 2252 a
873 2223 929 2253 del.
944 2224 1029 2263 vulg.
1199 2235 1236 2263 19
1258 2230 1290 2255 at
1307 2226 1433 2256 Ernesti

144 2274 185 2301 23
209 2265 283 2294 dum
304 2263 486 2304 Wesenbetg
498 2275 535 2295 ex
549 2263 588 2293 Zl
604 2275 629 2295 v,
651 2276 674 2295 c.
692 2265 718 2294 L
737 2265 874 2304 (marg.)
971 2266 1096 2295 vultum
1114 2265 1145 2294 Z
1157 2276 1186 2296 v.
1204 2277 1225 2297 c.
1244 2267 1271 2295 L
1290 2269 1429 2307 (marg.)

146 2305 229 2336 Crat.
246 2317 251 2336 z
276 2316 339 2336 om.
357 2310 409 2336 ΣΔ
552 2317 593 2344 24
617 2307 743 2337 mutivit
759 2307 941 2345 Hirschfeld
1085 2318 1123 2346 27
1148 2313 1181 2338 et
1201 2309 1255 2339 del.
1273 2309 1376 2346 Man„
1394 2311 1429 2349 cf

144 2346 277 2387 Madvig
291 2347 336 2378 ad
348 2348 418 2379 Fin.
437 2349 468 2378 ii.
485 2357 525 2386 25
