1690 2710
521 116 631 152 EPP.
662 116 737 151 AD
767 116 1018 154 ATTICVM
1302 118 1410 154 XVI.
1431 117 1460 153 ii

125 223 240 262 Nosti
268 222 421 272 reliqua.
480 225 540 260 De
570 222 686 259 Tutia
718 222 769 259 ita
801 230 985 271 putaram.
1044 226 1105 262 De
1134 224 1304 263 Aebutio
1331 238 1410 262 non
1429 233 1454 271 5

124 288 240 325 credo
276 299 348 324 nec
384 293 513 323 tamen
542 298 634 322 curo
663 286 748 334 plus
782 298 896 334 quam
930 294 981 324 tu.
1039 288 1183 325 Planco
1214 295 1251 326 et
1284 287 1412 337 Oppio

124 349 256 399 scripsi
285 349 465 398 equidem
494 348 677 397 quoniam
705 361 865 397 rogaraS,
892 351 970 395 sed,
993 350 1023 387 si
1052 351 1121 388 tibi
1140 351 1341 396 videbitur,
1363 364 1412 389 ne

124 425 280 450 necesse
313 411 490 449 habueris
520 412 690 448 reddere.
750 412 850 450 Cum
882 412 984 449 enim
1018 419 1083 450 tua
1111 427 1225 451 causa
1255 413 1414 451 fecerint

85 488 103 520 5
123 475 263 522 omnia,
293 488 425 513 vereor
454 487 503 512 ne
536 487 640 511 meas
669 473 812 511 litteras
841 488 1139 524 supervacaneas
1172 476 1410 514 arbitrentur.

124 538 253 587 Oppio
290 538 446 587 quidem
484 537 616 586 utique
653 550 769 586 quem
816 537 884 575 tibi
921 538 1195 576 amicissimum
1237 540 1409 588 cognovi.

122 594 268 639 Verum
288 608 330 638 ut
349 602 465 638 voles.

174 666 236 701 Tu
256 663 438 713 quoniam
458 663 590 701 scribis
609 663 864 702 hiematurum
891 671 927 702 te
947 664 985 702 in
1013 664 1142 714 Epiro,
1164 664 1296 703 feceris
1318 666 1410 703 mihi
1429 667 1456 702 6

123 734 270 776 gratum
290 726 321 764 si
346 734 434 764 ante
459 740 506 764 6ο
525 727 671 764 veneris
698 740 814 776 quarn
839 727 933 764 mihi
960 729 997 765 in
1019 728 1169 766 Italiam
1196 736 1233 766 te
1256 737 1412 767 auctore

69 790 356 828 inveniendum
385 796 451 827 est.
509 789 669 827 Litteras
697 791 747 827 ad
780 803 842 827 me
875 804 990 839 quam
1021 791 1266 839 saepissime3
1303 792 1333 829 si
1362 794 1411 830 de

123 855 235 891 rebus
269 853 394 890 minus
426 853 658 899 necessariis,
687 853 855 902 aliquem
893 862 1052 901 nactus3
1089 855 1146 892 sin
1179 862 1308 893 autem
1342 856 1410 893 erit

123 918 216 966 quid
246 917 378 962 maius,
408 917 526 954 domo
555 916 705 954 mittito.

174 980 449 1029 Ἡρακλείδειωκ,
468 979 498 1016 si
519 979 765 1017 Brundisium
781 981 882 1026 salvi,
900 981 1126 1020 adoriemur.
1171 986 1179 1002 ‘
1194 985 1252 1020 De
1272 983 1411 1032 gloria'

123 1043 209 1081 misi
236 1043 315 1081 tibi.
374 1042 578 1082 Custodies
606 1043 726 1092 igitur,
749 1051 790 1081 ut
817 1046 928 1091 soles,
956 1047 1024 1083 sed
1056 1054 1236 1084 notentur
1264 1048 1411 1098 ἐκλογαὶ

67 1121 103 1152 15
123 1120 218 1156 quas
241 1106 387 1144 Salvius
413 1106 537 1143 bonos
562 1106 754 1144 auditores
780 1115 916 1145 nactus
942 1107 980 1145 in
1010 1109 1185 1147 convivio
1212 1111 1408 1147 dumtaxat

122 1172 231 1219 legat.
281 1169 380 1208 Mihi
399 1171 509 1207 valde
528 1171 690 1218 placent,
712 1172 865 1208 mallem
885 1171 964 1209 tibi.
1014 1172 1140 1210 Etiam
1159 1181 1275 1223 atque
1294 1173 1406 1211 etiam

122 1235 214 1271 vale.

163 1337 235 1371 III
363 1338 432 1369 Scr-
449 1339 482 1369 in
498 1339 697 1379 Pompeiano
711 1341 770 1371 xvi
782 1341 824 1371 K.
838 1340 927 1372 Sext.
948 1353 978 1372 a.
998 1351 1054 1381 710
1070 1343 1154 1382 (44).

516 1414 682 1445 CICERO
705 1415 882 1446 ATTICO
905 1416 1007 1448 SAL.

67 1504 105 1525 κο
174 1487 235 1523 Tu
254 1499 344 1524 vero
363 1485 552 1535 sapienter
573 1486 692 1535 (nunc
718 1488 875 1525 demum
895 1488 997 1525 enim
1021 1489 1187 1527 rescribo
1208 1489 1252 1526 iis
1278 1488 1409 1527 litteris
1427 1499 1444 1526 1

121 1562 216 1598 quas
235 1549 329 1586 mihi
355 1549 489 1586 misisti
516 1557 706 1587 convento
726 1551 898 1588 Antonio
917 1551 1069 1602 Tiburi)
1088 1552 1278 1601 sapienter
1299 1552 1411 1601 igitur

121 1614 227 1661 quod
260 1626 395 1650 manus
432 1612 571 1650 dedisti
609 1614 792 1661 quodque
828 1614 942 1652 etiam
980 1617 1079 1652 ultro
1115 1615 1251 1664 gratias
1289 1616 1406 1664 egisti.

115 1677 235 1714 -Certe
260 1676 373 1722 enim,
396 1683 437 1713 ut
463 1676 605 1721 scribis,
627 1677 846 1714 deseremur
871 1677 977 1715 ocius
1003 1691 1025 1715 a
1050 1692 1089 1715 re
1114 1678 1267 1727 publica
1293 1692 1408 1727 quam

121 1753 143 1777 a
170 1753 209 1777 re
237 1739 420 1776 familiari.
479 1740 597 1787 Quod
625 1752 714 1776 vero
741 1740 873 1777 scribis
897 1748 934 1778 te
961 1743 1080 1789 magis
1104 1747 1140 1778 et
1165 1741 1284 1790 magis
1310 1743 1409 1779 dele-

65 1819 101 1850 ²5
122 1810 223 1840 ctare
254 1803 310 1841 ‘O
340 1802 436 1848 Tite,
463 1802 494 1839 si
524 1802 641 1851 quid‚'
668 1816 784 1851 auges
816 1803 910 1840 mihi
938 1804 1130 1842 scribendi
1163 1805 1405 1843 alacritatem.

168 1914 180 1933 1
209 1903 257 1933 De
273 1908 342 1933 tuta
358 1903 411 1932 via
428 1902 610 1932 dubitaram
633 1902 783 1932 Sclmu‘dt
942 1904 1087 1935 Aebutio
1109 1899 1151 1934 Ζὁ
1162 1906 1247 1940 vulg.
1266 1917 1273 1936 :
1298 1907 1407 1936 ebutio

124 1945 208 1976 OR:
232 1946 352 1976 enictio
374 1944 429 1976 M:
453 1945 610 1975 Ventidio
633 1944 781 1975 Schmidt
905 1947 926 1975 6
948 1948 1180 1977 amicissimum
1206 1948 1304 1979 Vict.:
1341 1960 1408 1979 am-

121 1989 302 2027 plissimum
333 1986 371 2016 M
502 1997 539 2016 10
561 1988 588 2017 si
619 1988 700 2018 Ant.
727 1985 792 2018 Zb:
826 1989 885 2018 sed
916 1988 956 2018 M
1093 2000 1129 2019 12
1162 1992 1258 2021 domo
1287 1992 1408 2022 mittito

121 2030 307 2061 EORsBer.
325 2042 331 2060 :
348 2031 424 2060 dum
438 2030 646 2060 omittitoM:
665 2031 759 2060 domo
779 2030 871 2060 mitto
888 2031 909 2060 I
1009 2042 1045 2070 14
1068 2038 1228 2062 vocentur
1242 2033 1407 2063 Turnebus

121 2072 249 2110 Rosius,
273 2082 347 2102 cum
367 2072 525 2110 eclogarii
548 2073 691 2102 homines
713 2083 776 2102 non
803 2074 861 2103 loci
875 2076 1121 2113 praestantiores
1141 2086 1205 2105 esse
1225 2076 1402 2113 videantur,

121 2115 190 2145 vide
203 2115 297 2145 Clark
309 2116 341 2144 in
359 2115 579 2155 ‘Philologus’
594 2115 708 2154 (1901'1
721 2125 750 2153 p.
765 2126 827 2153 209
915 2117 1043 2155 ἐκλογαὶ
1061 2117 1145 2147 Reid
1156 2130 1162 2148 ε
1186 2118 1329 2156 eglogari
1346 2117 1402 2148 M:

123 2157 279 2195 eclogarii
297 2157 381 2196 vulg.
536 2167 572 2195 15
591 2167 673 2195 quas
689 2155 729 2185 2⁸
746 2157 848 2188 Reid:
875 2169 956 2197 quos
973 2158 1030 2189 M:
1058 2170 1181 2197 quaeso
1204 2161 1279 2191 coni.
1311 2160 1405 2190 Clark

121 2209 161 2237 23
184 2200 289 2231 ocius]
308 2201 392 2229 otius
409 2198 466 2230 M:
490 2201 597 2237 potius
612 2199 685 2230 Vict.
786 2210 826 2238 24
850 2202 953 2240 magis
969 2206 1002 2231 et
1018 2203 1122 2240 magis
1139 2203 1276 2233 Rosius:
1300 2203 1404 2241 magis

123 2240 208 2272 CM:
231 2242 353 2271 cotidie
369 2242 473 2279 magis
488 2240 606 2271 Mz'eller
690 2242 852 2273 delectare
863 2244 939 2273 coni.
954 2244 1083 2274 Baiter:
1107 2245 1166 2273 -ari
1184 2244 1267 2275 codd.
1365 2254 1404 2282 25

114 2287 189 2356 {Zst
200 2284 229 2314 si
243 2284 322 2323 quid
339 2283 412 2314 add.
428 2294 489 2322 ego
505 2284 598 2314 Man.
613 2283 727 2315 Lamb.
817 2295 918 2324 auges
933 2285 1047 2316 Lami).
1064 2297 1070 2317 ;
1095 2296 1175 2325 ages
1191 2283 1267 2315 ΜΖ(
1284 2299 1291 2317 :
1313 2288 1407 2317 addis

161 2336 216 2357 an.
