1590 2730
94 168 143 208 X,
165 170 224 206 xii
531 172 585 207 M.
615 168 779 207 TVLLI
809 168 1106 208 CICERONIS

190 279 350 316 tendum
386 285 428 316 ut
464 277 577 315 etiam
615 273 817 326 compacto
853 276 1035 326 prohibiti
1070 276 1277 314 videamur.
1348 274 1474 313 Sicilia

190 343 379 390 petenda3
425 354 539 390 quam
573 341 603 377 si
634 340 772 377 erimus
809 340 921 386 nacti,
952 339 1095 376 maiora
1125 340 1314 388 quaedam
1344 351 1475 376 conse-

190 417 360 453 quemur.
431 404 486 441 Sit
518 405 635 441 modo
672 410 773 440 recte
810 403 848 439 in
884 402 1104 451 Hispaniis!
1148 403 1393 451 Quamquam
1426 403 1475 439 de

190 466 272 515 ipsa
305 467 429 505 Sicilia
459 467 603 504 utinam
635 466 681 503 sit
711 468 865 503 verum!
913 467 988 503 Sed
1018 467 1145 502 adhuc
1177 464 1271 502 nihil
1303 464 1472 502 secundi.

192 532 410 569 Concursus
444 530 656 568 Siculorum
694 531 742 567 ad
782 531 971 568 Catonem
1010 528 1147 566 dicitur
1183 530 1315 574 factus,
1349 540 1510 571 orasse5

191 601 232 631 ut
260 594 455 640 resisteret,
487 593 615 630 omnia
642 592 855 641 pollicitos;
895 599 1132 629 commotum
1161 591 1267 628 illum
1293 591 1475 629 dilectum

191 657 331 695 habere
368 656 547 705 coepisse.
617 657 707 693 Non
745 657 870 701 credo,
910 662 951 692 ut
989 662 1044 692 est
1081 656 1296 692 luculentus
1332 662 1473 692 auctor.

192 719 365 757 Potuisse
386 726 485 756 certe
509 719 627 756 teneri
653 718 755 756 illam
779 718 1013 767 provinciam
1040 718 1129 757 scio.
1187 719 1250 756 Ab
1277 717 1476 766 Hispaniis

191 790 318 820 autem
339 782 413 819 iam
432 782 614 819 audietur.

149 853 173 889 3
246 845 323 882 Hic
347 858 416 882 nos
444 846 485 883 C.
510 847 734 882 Marcellum
761 845 947 882 habemus
974 846 1109 883 eadem
1133 858 1218 882 vere
1244 843 1475 893 cogitantem
1496 860 1534 881 10

190 916 255 946 aut
279 909 377 945 bene
401 907 643 945 simulantem
658 922 667 954 3
696 921 930 957 quamquam
957 908 1082 957 ipsum
1108 922 1187 946 non
1212 907 1380 945 videram
1408 908 1476 945 sed

190 984 235 1008 ex
251 970 540 1008 familiarissimo
556 970 635 1008 eius
650 970 865 1008 audiebam.
905 973 977 1017 Tu,
993 984 1146 1020 quaeso,
1162 971 1192 1008 si
1208 970 1300 1019 quid
1316 969 1476 1008 habebis

190 1034 302 1081 novi;
344 1047 426 1082 ego,
460 1033 489 1070 si
523 1033 616 1082 quid
650 1033 770 1071 moliti
804 1034 956 1081 erimus,
988 1036 1037 1072 ad
1071 1042 1108 1071 te
1141 1033 1267 1071 statim
1301 1034 1473 1071 scribam.

190 1097 377 1144 Quintum
405 1097 524 1133 filium
551 1097 714 1134 severius
740 1097 946 1135 adhibebo.
1003 1097 1159 1134 Vtinam
1186 1097 1368 1146 proficere
1393 1110 1477 1146 pos-

189 1159 283 1196 sim!
316 1162 376 1197 Tu
404 1167 530 1197 tamen
555 1173 618 1197 eas
645 1160 824 1209 epistulas
849 1160 988 1209 quibus
1011 1160 1179 1209 asperius
1204 1162 1252 1198 de
1275 1174 1322 1198 eo
1345 1159 1476 1209 scripsi
1497 1174 1532 1205 15

189 1222 396 1271 aliquando
425 1223 656 1271 concerpito,
687 1237 735 1261 ne
764 1225 920 1272 quando
949 1223 1042 1273 quid
1071 1231 1246 1270 emanet;
1285 1236 1356 1272 ego
1385 1223 1475 1260 item

146 1294 170 1331 4
191 1293 283 1323 tuas.
341 1285 511 1323 Servium
535 1293 713 1335 exspecto
740 1299 810 1324 nec
836 1287 885 1324 ab
908 1300 955 1325 eo
978 1287 1184 1336 quicquam
1210 1289 1314 1338 ὑγιές.
1372 1286 1476 1325 Scies

190 1348 374 1398 quicquid
394 1349 471 1387 erit.

231 1499 354 1533 XIIa
439 1501 505 1534 Ser.
525 1503 558 1533 in
577 1503 725 1534 Cumano
737 1504 820 1544 prid.
840 1504 923 1535 Non.
942 1503 1021 1536 Mai.
1039 1515 1069 1536 a.
1091 1514 1145 1544 705
1156 1506 1239 1546 (49).

586 1589 748 1619 CICERO
770 1590 946 1621 ATTICO
969 1590 1071 1622 SAL.
1495 1606 1533 1628 20

153 1675 170 1702 1
241 1663 330 1700 Sine
358 1662 477 1701 dubio
506 1677 646 1701 errasse
675 1678 744 1702 nos
773 1666 1036 1703 confitendum
1066 1673 1131 1704 est.
1192 1668 1264 1703 ‘At
1287 1667 1414 1711 semel,
1436 1672 1475 1703 at

188 1739 264 1763 una
284 1726 322 1762 in
345 1728 406 1763 re.'
463 1728 589 1764 Immo
615 1727 745 1765 omnia
770 1741 848 1777 quo
872 1729 1088 1777 diligentius
1115 1729 1279 1778 cogitata
1304 1742 1350 1767 eo
1376 1730 1475 1766 facta

187 1797 275 1827 sunt
294 1789 582 1837 imprudentius.

301 1869 420 1906 Ἀλλὰ
447 1872 491 1907 τὰ
517 1872 582 1919 μὲν
610 1873 848 1922 προτετύχθαι
876 1874 1031 1922 ἐάσομεν
1059 1874 1251 1924 ἀχνύμενοί
1273 1891 1351 1922 περ,

187 1947 225 1985 in
262 1948 413 1997 reliquis
447 1951 564 1988 modo
598 1965 646 1989 ne
679 1965 841 1989 ruamus,
902 1953 1016 1990 Iubes
1054 1955 1102 1991 de
1140 1953 1374 2002 profectione
1412 1966 1473 1990 me
1494 1966 1529 1997 25

186 2011 393 2060 providere.
452 2013 556 2060 Quid
578 2014 827 2062 provideam?
883 2017 942 2052 Ita
964 2023 1095 2064 patent
1115 2015 1243 2052 onmia
1263 2030 1360 2064 quae
1380 2016 1474 2053 acci-

185 2075 274 2112 dere
300 2083 460 2123 possunt
488 2084 539 2123 ut,
568 2091 612 2114 ea
642 2078 671 2114 si
698 2078 823 2124 vitem,
851 2080 1064 2116 sedendum
1095 2079 1141 2116 sit
1167 2092 1255 2116 cum
1284 2080 1473 2116 dedecore

229 2185 244 2212 7
269 2179 303 2205 ut
328 2175 385 2206 M:
419 2181 453 2206 ut
473 2181 507 2206 ut
530 2177 671 2215 Kayser:
706 2188 767 2208 nec
795 2177 978 2218 Wesenberg
995 2178 1146 2218 Madvzg:
1173 2179 1253 2217 sort.
1271 2183 1303 2209 at
1435 2190 1473 2210 10

184 2227 259 2246 vere
277 2217 431 2257 Madvig:
456 2229 473 2248 e
491 2229 525 2248 re
547 2219 630 2249 codd.
648 2231 653 2248 :
682 2220 722 2250 de
744 2231 779 2250 re
801 2221 897 2250 Rom.
915 2232 920 2250 :
946 2221 1014 2251 sere
1030 2220 1058 2249 L
1074 2222 1209 2261 (mmg.)
1322 2232 1358 2260 14
1382 2223 1471 2252 cohi-

185 2258 267 2288 bebo
286 2258 437 2289 Graevius
576 2262 696 2300 possim
716 2262 896 2293 Corradus:
920 2260 1051 2301 possem
1068 2263 1109 2292 M
1257 2265 1293 2293 18
1316 2264 1471 2302 quicquid

190 2300 260 2330 WC
276 2302 300 2330 L
321 2303 458 2343 (marg.)
474 2314 478 2332 :
503 2303 581 2341 quid
599 2306 651 2335 ΣΔ
762 2315 798 2334 21
826 2305 898 2334 l11'11c
912 2306 1066 2344 incipiunt
1082 2315 1200 2335 novam
1217 2306 1385 2345 epistulam
1401 2306 1466 2336 edd.

180 2347 253 2380 post
273 2343 474 2373 [Vielandnm
597 2355 635 2384 25
662 2346 757 2376 Iubes
779 2348 818 2376 de
840 2346 931 2377 CW:
963 2348 1055 2378 iubes
1076 2348 1163 2377 enim
1183 2347 1238 2377 M:
1273 2348 1364 2378 iubes
1383 2349 1470 2378 enim

187 2385 227 2414 de
250 2379 297 2413 ΖΙ)
405 2395 455 2415 me
475 2385 673 2417 Gronovius:
708 2397 780 2418 mea
797 2383 911 2419 CWZb
