1590 2730
497 153 605 189 EPP.
637 153 712 188 AD
742 152 993 189 ATTICVM
1353 151 1420 186 IX.
1438 148 1482 185 iii

107 260 207 296 Nam
236 260 285 297 ad
313 258 352 296 id
381 259 487 308 quod
519 258 689 296 delibero
723 258 893 310 pertinet,
923 257 953 295 si
981 257 1043 295 ille
1072 264 1172 295 certe
1202 267 1391 304 nusquam

107 321 288 368 discessit,
312 321 527 370 intellegere
549 324 724 360 Gnaeum
745 335 823 359 non
843 335 925 359 esse
946 320 1064 358 facilis
1085 319 1195 358 nobis
1215 333 1260 358 ex
1282 317 1391 356 Italia

106 383 237 430 exitus,
269 398 357 421 cum
394 398 438 422 ea
472 392 551 422 tota
580 385 693 422 armis
733 384 1006 434 praesidiisque
1043 390 1223 428 teneatur,
1264 381 1390 419 hieme

105 446 333 496 praesertim.
406 448 506 484 Nam
543 447 574 484 si
607 447 849 485 commodius
886 446 976 484 anni
1008 454 1158 494 tempus
1191 451 1299 489 esset,
1330 444 1390 481 vel

69 523 87 554 5
106 509 225 547 infero
246 509 337 546 mari
364 510 491 547 liceret
517 509 581 547 uti.
641 512 755 547 Nunc
784 510 877 546 nihil
904 517 1029 559 potest
1057 508 1128 546 nisi
1157 521 1294 556 supero
1322 515 1391 544 tra-

106 571 202 609 mitti
218 585 294 620 quo
311 571 380 609 iter
394 572 640 610 interclusum
658 580 723 610 est.
783 574 953 619 Quaeres
974 572 1084 620 igitur
1099 579 1136 609 et
1151 572 1200 608 de
1218 569 1393 607 Domitio·

105 641 143 671 et
161 635 210 671 de
231 636 405 672 Lentulo.

158 699 193 734 A
214 697 418 735 Brundisio
447 700 550 736 nulla
577 701 705 737 adhuc
734 701 835 736 fama
861 706 1024 743 venerat,
1047 706 1084 735 et
1113 705 1191 735 erat
1219 696 1280 733 hic
1309 696 1390 734 dies
1409 706 1432 732 2

107 772 161 796 V11
189 761 281 797 Idus
314 774 391 809 quo
421 761 482 799 die
512 761 798 810 suspicabamur
826 770 890 799 aut
917 761 1037 810 pridie
1066 762 1119 797 ad
1145 758 1391 797 Brundisium

54 839 89 866 ιο
107 823 254 861 venisse
287 825 500 862 Caesarem.
574 827 673 863 Nam
711 827 795 862 Kal.
830 825 941 874 Arpis
980 831 1177 861 manserat.
1246 823 1321 861 Sed
1362 821 1391 859 si

106 889 332 925 Postumum
361 889 491 926 audire
515 891 640 935 velles,
664 897 927 938 persecuturus
948 896 1026 926 erat
1047 890 1249 934 Gnaeum3
1277 894 1391 923 trans-

104 949 177 988 isse
200 950 302 988 enim
329 951 404 989 iam
433 953 592 1001 putabat
620 952 840 990 coniectura
866 959 1135 1000 tempestatum
1159 964 1203 988 ac
1231 949 1388 987 dierum.

107 1016 189 1063 Ego
216 1023 349 1053 nautas
378 1029 466 1053 eum
498 1030 575 1054 non
607 1017 788 1066 putabam
822 1015 1051 1060 habiturum,
1083 1014 1144 1052 ille
1173 1013 1392 1052 confidebat

106 1085 143 1114 et
181 1091 227 1115 eo
263 1078 380 1128 magis
414 1081 519 1128 quod
555 1079 687 1117 audita
719 1079 956 1116 naviculariis
990 1078 1155 1115 hominis
1190 1076 1392 1114 liberalitas

52 1153 88 1185 15
107 1148 215 1178 esset.
273 1143 348 1179 Sed
370 1150 448 1180 tota
468 1156 525 1180 res
547 1142 776 1181 Brundisina
796 1156 873 1191 quo
894 1143 1011 1180 modo
1032 1141 1170 1179 habeat
1190 1154 1229 1178 se
1249 1139 1392 1178 diutius

106 1205 250 1243 nescire
270 1218 348 1243 non
368 1219 536 1255 possum.

147 1337 210 1371 IV
382 1341 449 1373 διν.
468 1342 500 1371 in
516 1341 692 1372 Formiano
708 1341 739 1372 iv
753 1341 802 1371 Id.
822 1341 919 1372 Mart.
937 1351 967 1372 a.
988 1351 1039 1380 705
1053 1339 1138 1381 (49).

500 1428 667 1458 CICERO
690 1428 863 1458 ATTICO
886 1427 991 1459 SAL.

159 1499 241 1547 Ego
272 1498 340 1536 etsi
370 1506 446 1536 tam
476 1499 541 1536 diu
572 1499 768 1547 requiesco
800 1512 913 1547 quam
939 1498 1004 1536 diu
1032 1506 1095 1535 aut
1124 1499 1172 1535 ad
1203 1506 1238 1535 te
1267 1498 1391 1536 scribo
1410 1510 1428 1536 1

51 1576 87 1597 20
105 1569 170 1598 aut
190 1569 272 1599 tuas
294 1562 433 1600 litteras
454 1564 548 1612 lego,
573 1570 700 1600 tamen
721 1570 758 1599 et
784 1562 864 1611 ipse
893 1576 987 1611 egeo
1012 1569 1236 1610 argumento
1256 1561 1392 1610 epistu—

106 1626 224 1661 larum
246 1633 282 1663 et
303 1626 369 1663 tibi
395 1626 497 1663 idem
527 1626 700 1664 accidere
724 1634 827 1663 certo
848 1625 937 1663 scio.
997 1627 1106 1673 Quae
1135 1625 1236 1662 enim
1266 1626 1392 1662 soluto

104 1687 233 1726 animo
254 1689 482 1726 familiariter
509 1689 619 1726 scribi
648 1691 771 1727 solent
791 1702 835 1726 ea
855 1688 1089 1737 temporibus
1111 1688 1167 1725 his
1188 1689 1392 1725 excludun-

105 1758 173 1797 tur,
196 1764 294 1800 quae
313 1759 440 1789 autem
462 1760 549 1789 sunt
570 1753 705 1789 horum
728 1760 942 1801 temporum
970 1765 1014 1789 ea
1035 1751 1109 1788 iam
1131 1750 1388 1788 contrivimus.

105 1815 181 1852 Sed
208 1822 334 1852 tamen
366 1829 414 1852 ne
448 1828 508 1852 me
538 1822 659 1852 totum
691 1814 918 1864 aegritudini
947 1816 1098 1860 dedam,
1125 1814 1269 1863 sumpsi
1299 1813 1391 1851 mihi

49 1891 86 1922 25
105 1878 290 1925 quasdam
317 1885 512 1926 tamquam
540 1879 656 1918 θέσεις
682 1892 779 1927 quae
808 1886 845 1916 et
873 1879 1055 1916 πολιτικαὶ
1075 1885 1162 1914 sunt
1185 1885 1222 1914 et
1248 1885 1392 1926 tempo-

63 1966 64 1970 η
104 1953 186 1977 rum
208 1941 353 1986 horum,
372 1948 412 1978 ut
428 1949 464 1978 et
484 1942 674 1979 abducam
695 1941 865 1978 animum
882 1942 930 1978 ab
951 1941 1113 1990 querelis
1130 1948 1166 1978 et
1182 1940 1220 1976 in
1241 1953 1287 1978 eo
1308 1939 1391 1989 ipso

103 2004 152 2040 de
172 2016 249 2052 quo
268 2003 388 2052 agitur
407 2017 589 2041 exercear.
649 2006 727 2041 Eae
748 2011 834 2041 sunt
855 2003 967 2040 huius
989 2003 1093 2041 modi
1110 2019 1116 2040 :

155 2069 200 2104 Εἰ
221 2067 384 2116 μενετέον
415 2071 450 2104 ἐν
481 2070 527 2117 τῇ
558 2067 700 2116 πατρίδι
729 2069 1009 2116 τυραννουμένης
1039 2069 1156 2114 αὐτῆς.
1213 2068 1258 2103 Εἰ
1285 2067 1390 2105 παντὶ
1409 2077 1433 2103 2

101 2130 220 2181 τρόπῳ
260 2131 461 2179 τυραννίδος
498 2132 695 2168 κατάλυσιν
737 2132 1028 2182 πραγματευτέον
1067 2130 1132 2168 κᾶν
1175 2131 1296 2180 μέλλῃ
1334 2131 1391 2168 διὰ

143 2243 165 2271 6
185 2241 264 2281 quo]
281 2242 368 2280 quod
385 2241 468 2272 Rau.
537 2246 570 2271 et
585 2251 647 2271 om.
665 2241 747 2272 Rav.
837 2252 858 2280 9
881 2242 920 2271 ad
936 2244 976 2272 Σε
1002 2251 1064 2270 om.
1080 2245 1107 2270 Δ
1194 2250 1236 2271 20
1253 2250 1335 2278 egeo
1350 2240 1389 2271 I:

103 2293 165 2323 ego
176 2283 216 2312 M
298 2294 337 2313 22
355 2294 392 2313 ea
408 2283 601 2314 Asceust'us:
625 2294 643 2314 e
660 2284 713 2313 M²
727 2295 733 2313 z
758 2294 824 2313 om.
841 2284 895 2313 Ml
982 2283 1023 2312 28
1040 2283 1280 2322 τυραννουμένης
1295 2283 1390 2321 αὐτῆς

102 2325 145 2354 ita
160 2326 228 2363 fere
252 2325 317 2355 ΕΡ
338 2326 422 2356 Crat.
442 2338 449 2356 z
482 2325 724 2366 τυραννουμένης
751 2325 774 2354 δ’
797 2326 893 2362 αὐτῆς
917 2324 977 2355 M:
1019 2324 1259 2364 τυραννουμένῃ·
1283 2336 1387 2364 τυραν-

102 2366 246 2406 νουμένης
259 2367 283 2398 δ’
295 2368 387 2406 αὐτῆς
404 2372 470 2398 vett.
562 2379 602 2406 29
619 2367 874 2407 πραγματευτέον
887 2367 914 2398 C
926 2371 954 2398 et
970 2367 1014 2397 ila
1022 2367 1088 2406 fere
1101 2366 1165 2397 RF
1179 2378 1184 2397 :
1208 2367 1341 2407 πρατέον
1353 2366 1393 2397 Μ
