1590 2730
50 141 115 177 IX.
134 140 162 175 ii
176 152 195 176 a
496 139 547 174 M.
580 138 741 173 TVLLI
774 137 1069 174 CICERONIS

312 247 373 288 Τίς
400 247 429 285 δ’
456 246 534 284 ἐστὶ
561 246 688 285 δοῦλος
714 248 777 284 τοῦ
806 245 922 283 θανεῖν
949 246 1117 294 ἄφροντις
1144 246 1191 284 ὤν
1201 245 1243 294 ;),

141 329 209 366 sed
244 327 333 376 quia
370 327 502 376 ingrati
539 325 655 363 animi
694 324 836 362 crimen
880 326 1025 362 horreo.
1101 326 1267 363 Confido
1312 324 1423 374 igitur

140 392 347 428 adventum
377 397 547 427 nostrum
578 388 640 433 illi,
672 400 830 436 quoquo
862 395 1032 436 tempore
1063 387 1183 434 fuerit,
1212 395 1252 425 ut
1280 387 1422 434 scribis,

142 455 360 502 ἀσμενιστὸν
379 454 467 490 fore.
526 453 625 489 Nam
656 452 760 499 quod
790 450 855 497 ais,
878 450 907 487 si
937 449 998 487 hic
1027 451 1271 499 temperatius
1297 450 1423 499 egerit,

142 516 416 555 consideratius
436 515 638 554 consilium
660 523 696 552 te
717 516 904 559 daturum,
928 514 992 562 qui
1013 514 1074 551 hic
1095 522 1219 563 potest
1240 527 1280 551 se
1299 526 1426 562 gerere
1445 530 1462 559 5

142 593 219 617 non
249 580 424 629 perdite?
488 580 620 616 Vetant
638 578 725 625 vita,
747 591 881 624 mores,
903 585 991 614 ante
1012 579 1119 622 facta,
1142 577 1236 614 ratio
1260 577 1426 626 suscepti

142 644 279 692 negoti,
302 643 404 688 socii,
427 643 522 680 vires
542 643 730 679 bonorum
751 648 815 678 aut
835 640 949 678 etiam
970 640 1192 678 constantia.

100 716 124 753 3
194 706 360 744 Vixdum
383 705 582 754 epistulam
604 713 707 742 tuam
728 706 891 752 legeram
916 717 1003 740 cum
1032 704 1081 740 ad
1111 716 1171 741 me
1198 716 1349 740 currens
1377 703 1426 740 ad

142 770 247 807 illum
279 772 482 806 Postumus
510 768 661 807 Curtius
691 767 793 805 venit
824 766 916 803 nihil
944 766 1013 803 nisi
1043 766 1171 803 classis
1201 767 1361 814 loquens
1390 773 1426 803 et

143 834 337 872 exercitus.
396 832 590 881 Eripiebat
630 831 849 880 Hispanias,
885 830 1039 867 tenebat
1070 829 1212 876 Asiam,
1246 829 1424 876 Siciliam,
1449 847 1485 868 10

143 897 324 943 Africam,
344 896 567 941 Sardiniam,
593 894 794 933 confestim
824 894 862 931 in
890 893 1088 931 Graeciam
1118 894 1424 942 persequebatur.

145 962 327 1000 Eundum
354 960 464 1009 igitur
491 967 558 1005 est,
589 972 659 996 nec
690 966 767 995 tam
794 966 834 995 ut
864 957 954 995 belli
984 970 1099 1005 quam
1128 964 1169 994 ut
1198 958 1307 1005 fugae
1336 955 1428 993 socii

144 1025 271 1062 simus.
347 1025 430 1061 Nec
468 1023 569 1060 enim
608 1024 702 1060 ferre
740 1029 874 1070 potero
912 1034 1106 1058 sermones
1150 1020 1307 1057 istorum
1351 1019 1429 1068 qui-

144 1100 309 1136 cumque
336 1094 446 1133 sunt;
476 1099 552 1123 non
584 1093 672 1122 sunt
705 1084 805 1122 enim
837 1091 946 1130 certe,
977 1091 1017 1120 ut
1046 1085 1297 1132 appellantur,
1323 1083 1425 1121 boni.

146 1152 221 1189 Sed
246 1159 372 1188 tamen
403 1150 440 1187 id
470 1149 593 1198 ipsum
624 1148 717 1186 scire
746 1148 860 1197 cupio
889 1147 982 1196 quid
1011 1149 1215 1196 loquantur
1243 1147 1359 1196 idque
1387 1155 1428 1184 ut
1450 1161 1485 1193 15

144 1214 317 1263 exquiras
338 1226 474 1262 meque
495 1212 692 1250 certiorem
722 1211 836 1249 facias
865 1219 902 1248 te
922 1212 1167 1248 vehementer
1187 1223 1287 1260 rogo.
1347 1212 1429 1248 Nos

144 1280 271 1316 adhuc
291 1278 383 1327 quid
402 1277 579 1314 Brundisi
599 1284 725 1314 actum
747 1283 844 1314 esset
864 1278 976 1324 plane
997 1274 1270 1312 nesciebamus.
1330 1275 1429 1313 Cum

146 1342 318 1388 sciemus,
343 1349 422 1379 tum
450 1354 495 1378 ex
518 1353 556 1378 re
585 1347 621 1377 et
651 1353 695 1377 ex
724 1347 895 1388 tempore
921 1338 1122 1376 consilium
1143 1338 1337 1387 capiemus
1363 1337 1430 1374 sed

146 1414 296 1444 utemur
316 1413 392 1443 tuo.

191 1543 262 1578 ῙῙῙ
403 1545 469 1576 Ser.
489 1546 522 1575 1'11
538 1544 713 1575 Formiano
729 1544 774 1574 vsi
786 1543 833 1574 Id.
855 1544 954 1575 Mart.
975 1554 1004 1575 a.
1024 1553 1079 1583 705
1096 1543 1183 1583 (49).
1453 1546 1490 1567 20

543 1624 710 1656 CICERO
731 1624 906 1655 ATTICO
929 1623 1032 1655 SAL.

117 1715 134 1742 1
205 1703 350 1742 Domiti
387 1703 485 1740 filius
527 1701 671 1739 transiit
710 1701 880 1738 Formias
928 1713 998 1737 V111
1049 1701 1141 1737 Idus
1187 1712 1339 1737 currens
1385 1699 1433 1735 ad

151 1776 308 1805 matrem
330 1766 533 1816 Neapolim
555 1765 724 1814 mihique
751 1764 914 1801 nuntiari
935 1763 1040 1801 iussit
1061 1771 1205 1812 patrem
1231 1764 1279 1800 ad
1301 1762 1432 1799 urbem

151 1844 232 1868 esse
253 1843 339 1868 curn
366 1831 414 1867 de
440 1842 487 1866 eo
507 1828 653 1866 curiose
675 1827 883 1876 quaesisset
910 1840 1038 1864 servus
1066 1833 1192 1863 noster
1214 1824 1430 1873 Dionysius.

152 1895 234 1931 Nos
260 1900 386 1930 autem
413 1891 652 1929 audieramus
682 1904 769 1928 eum
799 1891 1011 1939 profectum
1036 1889 1114 1926 sive
1133 1890 1182 1926 ad
1205 1887 1431 1936 Pompeium
1455 1899 1491 1930 25

152 1957 229 1994 sive
262 1956 299 1992 in
331 1955 569 2003 Hispaniam.
630 1955 676 1991 Id
707 1953 814 1990 cuius
848 1953 951 1990 modi
986 1952 1031 1989 sit
1065 1951 1158 1988 scire
1189 1964 1279 1988 sane
1308 1950 1430 1988 velim.

194 2067 211 2094 4
236 2055 422 2092 ἀσμενιστὸν
447 2056 500 2095 (ab
522 2054 687 2094 ἀσμενίζω)
716 2054 854 2093 Tyrrell:
880 2052 1067 2091 ἀσμένιστον
1090 2052 1174 2091 vulg.
1202 2054 1370 2089 lamqumn
1395 2050 1436 2080 ab

151 2098 283 2136 ἅσμενος
311 2099 400 2128 cuius
431 2098 642 2137 superlalivus
676 2101 720 2127 es!
742 2095 967 2133 ἀσμεναὶτατος
1067 2094 1278 2132 temperatius
1313 2093 1434 2123 ll'esen-

153 2141 225 2180 berg
239 2153 246 2171 ε
269 2141 508 2180 temperantius
525 2140 609 2170 codd.
753 2141 773 2168 6
796 2142 869 2168 ante
883 2139 949 2168 vita
965 2136 1149 2167 addendum
1166 2136 1285 2165 Vetant
1301 2136 1433 2171 videltrr,

153 2183 239 2222 quod
257 2188 317 2222 pro
341 2184 407 2213 vita
431 2183 506 2213 coni.
524 2183 624 2212 Boot:
659 2180 715 2211 sed
737 2181 801 2211 vita
826 2191 887 2210 uon
912 2179 1142 2209 sollicitandum
1154 2189 1165 2214 ,·
1199 2179 1234 2216 cf.
1264 2176 1434 2207 Lehmann

156 2228 163 2243 ‘
177 2225 315 2264 eresl.’
336 2235 369 2254 11
380 2235 403 2263 1,
424 2226 561 2264 qm'post
575 2224 761 2254 constantia
778 2223 867 2252 addit
882 2226 999 2260 cogent
1118 2232 1133 2259 7
1159 2221 1237 2250 socii
1256 2221 1343 2249 vires
1359 2218 1412 2248 M2
1427 2230 1433 2248 ε

154 2268 284 2297 issocuu
306 2272 373 2296 tres
397 2267 466 2296 M1:
502 2267 707 2296 imbecillitas
732 2265 878 2295 Schmidt
901 2265 965 2294 coll.
992 2273 1038 2301 13.
1065 2275 1092 2301 4.
1217 2262 1434 2291 inconstantia

154 2309 300 2339 Schmidt
313 2310 376 2339 coll.
397 2310 449 2339 vii.
469 2318 496 2346 5.
516 2320 544 2347 4.
660 2309 696 2337 18
712 2308 787 2347 sed]
807 2308 837 2337 id
856 2312 904 2336 est
918 2306 1003 2336 Koch
1114 2315 1151 2342 24
1172 2305 1211 2334 de
1230 2304 1300 2334 M12
1323 2314 1364 2333 ex
1380 2302 1433 2333 M·-'

159 2351 341 2390 lVesenlmg
1440 2358 1443 2361 ·
