1590 2730
24 122 139 157 XIII.
158 132 248 156 xxx
521 123 574 158 M.
606 123 767 158 TVLLI
798 122 1094 159 CICERONIS

172 227 341 265 biduum.
400 229 461 265 Ab
483 241 526 265 ea
546 228 665 276 igitur,
689 235 729 265 ut
749 228 890 273 scribis,
913 235 949 265 et
968 228 1080 264 velim
1104 228 1279 264 confecto
1299 225 1452 275 negotio

174 291 409 336 Faberiano;
448 304 562 339 quem
594 290 749 338 quidem
787 298 898 339 negat
937 293 1031 327 Eros
1069 289 1195 335 hodie,
1227 302 1308 326 cras
1342 302 1452 325 mane

171 361 287 402 putat.
344 355 380 390 A
403 361 439 390 te
459 355 642 390 colendus
663 361 717 390 est
735 368 743 399 3
775 353 868 390 istae
893 362 1020 390 autem
1041 356 1222 390 κολακεῖαι
1244 365 1322 389 non
1342 353 1453 400 longe

171 417 309 453 absunt
328 430 350 453 a
369 418 518 454 scelere.
574 419 630 463 Te,
653 424 694 454 ut
714 430 833 465 spero,
856 417 1045 465 perendie.

65 485 151 524 2(3‘›
227 479 293 525 Mi,
334 478 492 517 sicunde
530 487 648 528 potes,
689 493 795 517 erues
839 479 903 528 qui
941 481 1075 517 decem
1113 479 1223 528 legati
1264 477 1454 515 Mummio
1474 491 1490 520 5

173 543 319 579 fuerint.
378 542 557 590 Polybius
596 556 673 579 nou
711 543 893 579 nominat.
957 545 1039 591 Ego
1077 542 1233 580 memini
1271 541 1454 578 Albinum

172 607 410 643 consularem
430 613 467 642 et
487 608 548 654 Sp.
574 605 806 642 Mummium
823 619 832 651 3
860 605 991 642 videor
1009 605 1160 642 audisse
1181 618 1225 641 ex
1247 603 1455 641 Hortensio

173 668 421 705 Tuditanum.
480 669 555 705 Sed
576 667 613 704 in
636 668 792 705 Libonis
812 668 938 704 annali
958 680 1049 704 X1111
1071 667 1179 704 annis
1203 657 1297 716 post*
1309 673 1457 715 praetor

174 738 230 768 est
259 733 379 768 factus
410 730 625 767 Tuditanus
656 744 770 779 quam
804 732 936 767 consul
969 730 1190 767 Mummius.
1248 731 1338 767 Non
1367 742 1457 766 sane

175 794 344 842 quadrat.
401 795 502 830 Volo
527 793 692 841 aliquem
723 793 923 841 Olympiae
949 800 1012 829 aut
1039 792 1104 829 ubi
1125 792 1246 829 visum
1275 792 1458 830 πολιτικὸν
1479 806 1516 827 10

174 857 361 907 σύλλογον
380 869 484 893 more
507 855 729 892 Dicaearchi
750 855 939 892 familiaris
959 855 1023 892 tui.

218 998 367 1032 XXXI
454 1000 521 1031 Ser.
541 1000 574 1029 ιἰι
596 1000 774 1029 Tusculano
790 1010 809 1029 v
824 1000 864 1030 K.
884 999 955 1029 Iun.
975 1010 1003 1030 a.
1029 1009 1084 1037 709
1104 1000 1179 1039 (ῃ).

569 1085 736 1115 CICERO
765 1085 940 1114 ATTICO
968 1084 1069 1115 SAL.

144 1187 158 1212 1
230 1185 254 1209 v
289 1173 374 1209 Kal.
408 1185 519 1209 mane
551 1171 681 1220 accepi
714 1185 735 1208 a
771 1173 915 1208 Demea
952 1171 1091 1208 litteras
1122 1171 1242 1219 pridie
1275 1172 1381 1208 datas
1418 1185 1462 1208 ex

178 1236 317 1284 quibus
340 1242 404 1272 aut
430 1234 545 1272 hodie
573 1242 638 1270 aut
661 1247 741 1270 cras
768 1239 799 1270 se
826 1241 1042 1281 exspectare
1066 1234 1256 1270 deberem.
1315 1235 1400 1280 Sed,
1423 1242 1463 1271 ut
1487 1251 1520 1280 ¹5

179 1298 324 1347 opinor,
350 1298 452 1335 idem
473 1311 543 1345 ego
563 1296 627 1345 qui
653 1303 831 1345 exspecto
857 1303 964 1333 tuum
991 1299 1197 1334 adventum
1219 1299 1394 1336 morabor
1415 1305 1460 1335 te.

181 1364 270 1399 Non
291 1360 391 1398 enim
413 1367 505 1409 puto
532 1367 608 1396 tam
636 1359 854 1407 expeditum
877 1359 1127 1397 Faberianum
1155 1361 1348 1409 negotium
1369 1363 1465 1399 futu—

180 1439 274 1470 rum,
309 1423 422 1461 etiam
454 1423 484 1460 si
515 1430 570 1460 est
604 1424 770 1460 futurum
804 1430 844 1459 ut
878 1436 949 1459 mm
980 1424 1118 1460 habeat
1151 1424 1293 1472 aliquid
1325 1438 1462 1462 morae.

139 1501 163 1528 2
182 1489 282 1525 Cum
311 1486 450 1535 poteris
478 1486 598 1534 igitur.
656 1485 850 1533 Quoniam
880 1486 1087 1523 etiamnum
1116 1488 1216 1532 abes,
1242 1487 1465 1524 Dicaearchi

181 1564 278 1599 quos
298 1549 429 1586 scribis
453 1549 568 1585 libros
595 1562 685 1585 sane
705 1548 816 1586 velim
842 1549 893 1585 mi
920 1549 1055 1594 mittas,
1078 1551 1197 1587 addas
1224 1550 1337 1587 etiam
1363 1568 1466 1588 κατα·
1486 1565 1524 1586 20

181 1615 333 1662 βάσεως.

141 1690 163 1725 3
238 1679 296 1714 De
322 1677 483 1725 epistula
507 1678 557 1714 ad
578 1679 778 1715 Caesarem
811 1681 976 1728 κέκρικα;
1008 1687 1122 1729 atque
1151 1680 1189 1718 id
1218 1680 1341 1729 ipsum
1363 1681 1467 1728 quod

184 1740 242 1777 isti
262 1740 367 1777 aiunt
388 1740 493 1777 illum
514 1740 686 1786 seribere,
710 1756 749 1779 se
774 1742 843 1779 nisi
865 1743 1078 1780 constitutis
1099 1744 1210 1781 rebus
1231 1758 1307 1781 non
1329 1744 1466 1781 iturum

184 1804 221 1841 in
257 1805 425 1848 Parthos,
458 1803 560 1841 idem
594 1818 664 1860 ego
699 1807 906 1843 suadebam
941 1806 978 1842 in
1010 1806 1072 1843 illa
1104 1807 1273 1855 epistula.
1332 1808 1466 1843 Vtrum

185 1867 317 1904 liberet
346 1868 467 1904 facere
493 1881 604 1916 posse
630 1876 783 1906 auctore
814 1883 883 1905 me.
943 1871 1032 1907 Hoc
1061 1870 1161 1906 enim
1190 1870 1250 1907 ille
1277 1877 1467 1918 exspectat
1489 1879 1526 1909 25

231 1981 240 1999 1
268 1970 366 2001 biduo
385 1971 567 2009 I'szsenluvg
652 1982 679 2009 3,
694 1983 711 2009 4
737 1972 765 2001 Λ
780 1972 860 2001 rtTe
872 1972 944 2002 add.
960 1976 1026 2002 velt.
1124 1983 1151 2012 4,
1166 1983 1183 2011 5
1209 1974 1375 2010 perendie.
1422 1974 1466 2002 Mi

188 2013 302 2042 Bodas
320 2015 371 2051 (cx
386 2013 450 2045 Zi:
477 2014 668 2052 perendiem
687 2013 725 2042 M
850 2024 868 2051 5
893 2025 986 2043 erues
1003 2009 1045 2044 Zb
1061 2018 1145 2044 vella
1176 2025 1292 2045 eruere
1310 2016 1367 2044 M:
1391 2027 1468 2045 erue

187 2055 298 2084 Bm'lcr
385 2066 421 2085 10
446 2056 622 2094 Olympiae
638 2057 683 2096 (-a
699 2055 756 2091 M)
775 2061 829 2086 aut
847 2057 899 2085 ubi
916 2057 1020 2085 visum
1033 2056 1073 2085 M
1087 2057 1178 2087 Mau.
1194 2068 1200 2087 t
1225 2058 1398 2096 Olympiae
1416 2062 1469 2087 aut

189 2098 292 2127 ubivis
309 2098 451 2127 habitum
468 2098 612 2128 Srlmzidt
739 2109 774 2136 15
799 2103 830 2128 te
847 2099 919 2128 add.
940 2099 1034 2128 Rom.
1166 2100 1202 2128 18
1228 2110 1290 2129 uon
1308 2100 1379 2129 add.
1398 2104 1466 2130 vell.

193 2150 229 2173 10
245 2141 421 2170 etiamnum
439 2141 531 2170 velet
548 2141 610 2171 iam
629 2151 714 2170 nune
727 2141 801 2170 com'.
819 2140 934 2170 Orelli:
958 2141 1132 2170 etiamdum
1150 2141 1233 2171 codd.
1323 2152 1363 2171 22
1379 2143 1469 2180 atqui

193 2181 373 2222 lmus-euberg
459 2193 497 2220 24
522 2187 594 2213 (mle
610 2183 785 2213 suadebam
807 2182 878 2212 add.
900 2193 1031 2221 semper
1045 2183 1084 2213 I:
1104 2186 1178 2222 post
1198 2184 1372 2213 suadebam
1399 2187 1471 2217 (sua

190 2225 347 2254 debebam
372 2226 436 2254 Mu
461 2225 533 2256 add.
557 2226 615 2255 sed
639 2226 797 2255 addebam
821 2224 965 2254 Sclmu'dt
1058 2225 1197 2263 epistula
1222 2230 1329 2255 utrum
1356 2227 1471 2256 liberet

190 2267 311 2296 faceret
326 2279 331 2296 z
364 2277 463 2305 posse
494 2267 608 2297 Laml).
625 2279 632 2297 ι
662 2268 821 2305 epistula:
855 2267 915 2302 sin,
944 2272 1049 2297 utrum
1082 2267 1209 2306 liberet,
1237 2269 1342 2298 facere
1374 2278 1471 2306 posse

196 2308 397 2348 H'esenbwg:
420 2310 497 2348 fort.
523 2308 612 2349 (sic)
631 2310 807 2339 suadebam
833 2310 863 2338 in
889 2310 941 2338 illa
965 2309 1105 2348 epistula
1129 2309 1206 2351 (ut)
1229 2315 1334 2340 utrum
1356 2310 1471 2340 liberet

192 2351 297 2380 facere
312 2357 422 2389 posset
440 2352 542 2390 (qnod
554 2352 638 2382 codd.
657 2352 769 2381 habent
785 2356 913 2389 posset)
