1690 2710
522 140 631 175 EPP.
662 139 737 175 AD
766 138 1018 176 ATTICVM
1313 139 1397 174 XV.
1415 136 1462 174 ix

117 244 324 281 emendum
349 251 387 281 et
413 244 463 281 ad
487 243 620 281 urbem
647 242 876 281 mittendum
896 250 1082 281 curarent.
1136 244 1172 282 O
1191 255 1270 281 rem
1290 241 1398 280 mise-

116 309 218 344 ram!
247 306 411 356 primum
434 308 550 344 ullam
575 307 625 344 ab
650 307 740 353 istis,
769 307 869 352 dein,
893 307 922 344 si
945 307 1124 355 aliquam,
1151 308 1251 344 hanc
1279 307 1398 355 i‘lega-

115 369 275 409 toriam†
294 369 527 419 provinciam
547 373 552 407 ἔ
603 373 731 419 Atque
758 372 861 408 haud
882 370 960 408 scio
979 384 1028 407 an
1052 370 1186 407 melius
1215 369 1262 407 sit
1282 382 1398 418 quam

113 433 163 469 ad
179 434 361 470 Eurotam
382 434 523 471 sedere.
576 434 651 471 Sed
668 435 763 471 haec
781 447 890 471 casus
905 433 1141 482 gubernabit.
1189 432 1254 469 Ait
1269 439 1398 469 autem

77 509 94 540 5
114 496 252 538 eodem
281 504 451 545 tempore
479 497 674 534 decretum
702 496 743 533 iri
769 504 810 533 ut
837 505 873 534 et
896 496 939 534 iis
963 504 1000 534 et
1023 496 1175 545 reliquis
1200 495 1397 545 praetoriis

112 558 329 607 provinciae
349 560 610 596 decernantur.
670 561 760 597 Hoc
789 568 889 597 certe
919 559 1052 597 melius
1076 572 1191 608 quam
1214 559 1278 595 illa
1306 562 1396 607 Περ-

112 622 197 670 σικὴ
216 622 382 671 porticus
398 636 407 669 3
436 624 527 660 nolo
547 621 649 660 enim
671 624 1003 661 Lacedaemonem
1024 622 1257 671 †longinquo
1277 636 1394 671 quom

112 685 325 723 Lanuvium
340 684 600 723 existimavit†.
643 688 651 705 ‘
667 685 786 724 Rides
804 688 810 703 '
832 685 979 734 inquies
1003 685 1061 722 ‘in
1078 685 1216 723 talibus
1232 685 1344 724 rebus
1358 687 1395 723 ?'

111 747 216 795 Quid
236 747 402 785 faciam?
430 749 617 797 plorando
637 750 757 786 sessus
778 762 872 786 sum.

55 824 92 847 10
164 810 214 848 Di
246 810 500 849 immortales!
530 824 645 860 quam
674 825 736 850 me
764 812 1032 850 conturbatum
1062 812 1183 850 tenuit
1211 812 1394 862 epistulae
1413 820 1438 848 2

110 881 196 911 tuae
216 873 315 923 prior
341 874 500 923 pagina!
529 874 624 923 quid
651 882 779 912 autem
806 874 875 912 iste
901 874 938 912 in
965 876 1083 912 domo
1112 882 1176 912 tua
1204 888 1313 913 casus
1341 889 1394 913 ar-

110 939 286 975 morum?
341 938 416 974 Sed
443 938 546 975 hunc
573 937 729 987 quidem
754 938 927 975 nimbum
957 938 1032 976 cito
1061 937 1238 975 transisse
1262 939 1391 976 laetor.
1429 954 1433 955 ⁷

108 1002 168 1038 Tu
189 1000 281 1049 quid
301 1000 418 1049 egeris
440 1009 503 1038 tua
531 1015 619 1038 cum
645 1001 739 1039 tristi
760 1009 840 1039 tum
869 1002 981 1039 etiam
1007 1001 1151 1039 difficili
1173 1002 1223 1039 ad
1246 1001 1395 1040 consili-

107 1064 251 1101 andum
280 1064 468 1113 legatione
497 1066 742 1102 vehementer
767 1072 945 1113 exspecto
959 1079 968 1111 ς
997 1072 1052 1102 est
1073 1064 1174 1102 enim
1195 1065 1395 1114 inexplica-

56 1141 88 1172 ¹5
109 1126 203 1164 bilis.
262 1129 321 1164 Ita
358 1127 681 1165 circumsedemur
718 1127 837 1176 copiis
874 1128 1062 1165 omnibus.
1133 1130 1199 1165 Me
1237 1128 1393 1177 quidem

61 1205 64 1207 ’
109 1190 214 1228 Bruti
244 1191 388 1229 litterae
416 1206 509 1241 quas
531 1191 701 1230 ostendis
727 1205 749 1229 a
773 1199 808 1229 te
832 1192 947 1229 lectas
976 1190 1027 1228 ita
1055 1191 1321 1239 perturbarunt
1340 1199 1392 1238 ut,

108 1268 340 1304 quamquam
368 1264 457 1293 ante
486 1256 645 1305 egebam
669 1254 840 1301 consilio,
869 1261 996 1291 tamen
1022 1253 1139 1291 animi
1163 1255 1294 1292 dolore
1323 1255 1393 1292 sim

107 1318 257 1356 tardior.
315 1321 391 1358 Sed
425 1322 541 1368 plura,
571 1333 658 1356 cum
691 1318 761 1356 ista
791 1330 968 1366 cognoro.
1028 1319 1118 1355 Hoc
1146 1325 1273 1355 autem
1303 1325 1394 1356 tem-

106 1394 198 1430 pore
226 1384 331 1431 quod
360 1383 563 1422 scriberem
588 1382 681 1420 nihil
710 1389 797 1427 erat,
821 1394 945 1429 eoque
965 1380 1092 1418 minus
1113 1382 1218 1429 quod
1247 1381 1394 1420 dubita-

50 1459 89 1480 20
107 1444 195 1482 bam
226 1453 266 1482 tu
300 1447 367 1484 has
397 1446 496 1496 ipsas
525 1446 665 1484 litteras
697 1458 850 1483 essesne
878 1451 1112 1493 accepturus.
1172 1446 1261 1482 Erat
1290 1445 1391 1483 enim

106 1507 290 1546 incertum
324 1510 520 1548 visurusne
549 1517 586 1548 te
615 1516 713 1547 esset
743 1507 969 1546 tabellarius.
1029 1509 1111 1557 Ego
1140 1514 1223 1545 tuas
1252 1507 1392 1547 litteras

104 1573 349 1611 vehementer
369 1581 556 1623 exspecto.

145 1674 187 1708 X
259 1679 325 1710 δαν.
346 1681 379 1710 ιή
401 1680 579 1711 Tusculano
596 1681 677 1711 Non.
698 1681 770 1711 Iun.
792 1684 848 1710 aul
859 1677 1010 1718 postrtdt'e
1025 1689 1052 1708 a.
1076 1688 1130 1716 710
1149 1678 1231 1718 χᾳᾳ).

497 1755 663 1786 CICERO
692 1754 867 1785 ATTICO
895 1753 996 1784 SAL.

49 1835 84 1868 25
157 1824 192 1862 O
217 1824 321 1862 Bruti
347 1833 518 1863 amanter
546 1826 702 1875 scriptas
727 1826 892 1863 litteras!
923 1839 946 1862 o
970 1824 1144 1872 iniquum
1171 1830 1278 1861 tuum
1299 1832 1389 1862 tem-

103 1899 174 1935 pus
194 1887 259 1936 qui
279 1889 328 1926 ad
348 1902 435 1926 eum
455 1889 508 1927 ire
527 1903 606 1927 non
626 1889 746 1938 possis
767 1893 773 1926 1
832 1891 913 1938 Ego
934 1895 1062 1925 autem
1085 1887 1177 1935 quid
1198 1886 1390 1925 scribam?

102 1957 143 1986 ut
164 1951 351 1989 beneficio
370 1952 528 1990 istorum
548 1954 732 1990 utantur?
787 1952 893 2000 Quid
923 1950 1067 2000 turpius
1084 1952 1099 1987 ?
1154 1951 1205 1987 Vt
1234 1950 1389 1988 molian-

102 2019 162 2049 tur
179 2013 352 2067 aliquid?
400 2017 482 2053 Nec
502 2017 648 2053 audent
666 2029 736 2053 nec
756 2015 830 2053 iam
851 2022 1020 2064 possunt.
1079 2016 1173 2062 Age,
1191 2013 1388 2062 quiescant

101 2068 319 2116 auctoribus
352 2078 463 2116 nobis
481 2093 491 2126 ,-
532 2078 616 2127 quis
648 2066 950 2116 incolumitatem
981 2079 1172 2128 praestat?
1229 2077 1267 2115 Si
1299 2090 1388 2115 vero

44 2154 83 2184 30
101 2139 245 2189 aliquid
265 2143 313 2179 de
335 2141 496 2180 Decimo
525 2141 683 2191 gravius,
705 2155 803 2191 quae
822 2142 959 2180 nostris
979 2142 1067 2188 vita,
1087 2141 1201 2179 etiam
1222 2141 1252 2179 si
1272 2154 1388 2179 nemo

142 2250 161 2269 2
195 2240 384 2271 locatoriam
410 2241 526 2271 Rosius
726 2252 742 2280 7
776 2242 1042 2280 longinquiorem
1073 2252 1170 2280 quam
1206 2242 1385 2273 Lanuvium

102 2282 280 2312 existimari
298 2285 372 2314 coni.
390 2283 510 2313 Muller
669 2293 704 2322 13
728 2288 800 2314 ante
809 2289 863 2314 tua
879 2284 952 2317 add.
970 2285 1011 2315 de
1027 2284 1147 2315 Sclzv‘itz
1255 2285 1384 2315 concili-

101 2325 222 2355 andum
238 2327 312 2356 coni.
334 2326 415 2356 Boot
856 2323 859 2328 ”
