1590 2730
534 136 642 173 EPP.
673 136 748 171 AD
778 136 1027 173 ATTICVM
1384 136 1428 171 X.
1446 133 1525 171 iiia

180 246 320 283 Caesar
339 243 433 281 mihi
451 242 613 292 ignoscit
631 255 698 291 per
722 242 862 279 litteras
883 244 987 291 quod
1014 256 1092 280 non
1112 242 1290 289 venerim,
1313 255 1406 280 sese—
1425 252 1448 278 2

126 321 201 357 que
213 307 252 345 in
265 307 449 357 optimam
465 312 611 355 partem
626 305 665 342 id
680 305 852 353 accipere
867 305 968 342 dicit.
1013 305 1138 342 Facile
1154 306 1284 354 patior,
1302 307 1406 354 quod

126 373 264 419 scribit,
293 385 423 409 secum
448 370 634 408 Titinium
663 377 700 407 et
727 370 896 407 Servium
923 377 1077 418 questos
1104 383 1185 407 esse
1212 370 1300 418 quia
1328 383 1405 407 non

124 435 228 474 idem
256 434 328 472 sibi
356 434 461 483 quod
489 432 583 470 mihi
611 432 824 470 remisisset.
884 432 1074 469 Homines
1103 432 1303 469 ridiculos!
1342 433 1407 481 qui

87 513 104 544 5
124 512 212 537 cum
242 498 339 535 filios
369 496 560 534 misissent
591 497 641 533 ad
673 497 743 534 Cn.
775 495 1002 544 Pompeium
1036 495 1403 542 circumsedendum,

122 561 194 612 ipsi
223 561 262 599 in
293 567 467 598 senatum
495 558 622 596 venire
652 557 870 595 dubitarint.
928 558 1004 595 Sed
1033 565 1161 595 tamen
1190 560 1405 608 exemplum

122 625 206 663 misi
231 626 280 662 ad
306 631 342 661 te
364 622 535 662 Caesaris
561 622 778 659 litterarum.

164 795 228 831 IV
390 796 459 827 Scr.
476 795 510 827 in
527 794 676 826 Cumano
691 794 760 824 xvii
772 793 812 824 K.
834 792 914 825 Mai.
935 804 964 824 a.
986 803 1040 833 705
1053 793 1140 833 (49).

522 868 692 900 CICERO
716 868 882 898 ATTICO
909 867 1001 898 SAL.

66 964 104 986 10
174 947 317 984 Multas
336 958 359 984 a
377 952 414 984 te
439 943 571 993 accepi
596 943 776 992 epistulas
803 943 939 979 eodem
968 940 1029 979 die
1056 940 1180 979 omnis
1207 941 1405 990 diligenter
1422 955 1439 982 1

121 1009 288 1058 scriptas,
310 1022 394 1046 eam
420 1021 509 1046 vero
535 1020 633 1056 quae
660 1005 862 1043 voluminis
892 1005 1008 1042 instar
1037 1012 1114 1042 erat
1144 1018 1256 1053 saepe
1284 1006 1407 1053 legen-

120 1073 220 1118 dam,
243 1071 353 1109 sicuti
381 1070 489 1108 facio.
530 1064 596 1106 ‘In
623 1081 698 1117 qua
726 1081 804 1105 non
834 1069 967 1104 frustra
997 1068 1166 1104 laborem
1197 1068 1407 1116 suscepisti,

121 1133 215 1171 mihi
230 1133 386 1182 quidem
406 1139 621 1182 pergratum
641 1130 773 1168 fecisti.
825 1131 913 1178 Qua
934 1144 971 1168 re
994 1138 1033 1167 ut
1054 1130 1103 1176 id,
1119 1131 1246 1179 quoad
1266 1130 1405 1176 licebit,

120 1196 160 1234 id
175 1203 231 1234 est
247 1197 375 1245 quoad
391 1195 486 1233 scies
502 1195 568 1232 ubi
589 1194 716 1240 simus,
734 1207 848 1242 quam
873 1193 1091 1242 saepissime
1114 1193 1226 1230 facias
1247 1201 1283 1231 te
1299 1195 1408 1231 vehe-

64 1277 100 1309 15
119 1267 266 1298 menter
285 1272 386 1308 rogo.
436 1260 494 1296 Ac
514 1257 740 1306 deplorandi
762 1257 927 1306 quidem,
950 1258 1054 1306 quod
1076 1257 1215 1294 cotidie
1235 1257 1404 1303 facimus,

119 1323 165 1361 sit
195 1323 268 1360 iam
303 1322 414 1360 nobis
447 1329 512 1359 aut
545 1321 630 1358 finis
665 1320 833 1366 omnino,
867 1321 897 1358 si
932 1328 1067 1369 potest,
1098 1328 1163 1357 aut
1196 1320 1406 1358 moderatio

118 1387 317 1436 quaedam,
334 1387 440 1435 quod
455 1387 626 1435 profecto
641 1392 776 1434 potest.
824 1386 914 1421 Non
936 1384 1038 1422 enim
1060 1384 1134 1421 iam
1154 1397 1268 1433 quam
1290 1384 1407 1433 digni-

117 1458 244 1496 tatem,
274 1463 370 1499 quos
398 1451 572 1494 honores,
603 1462 717 1497 quem
749 1448 847 1485 vitae
879 1456 1017 1484 statum
1048 1447 1238 1484 amiserim
1267 1447 1406 1496 cogito,

118 1516 185 1552 sed
217 1514 310 1563 quid
341 1520 568 1551 consecutus
598 1512 679 1556 sim,
711 1511 803 1560 quid
836 1510 1095 1560 praestiterim,
1124 1523 1198 1559 qua
1226 1510 1264 1547 in
1293 1512 1405 1549 laude

62 1596 101 1618 20
118 1578 284 1623 vixerim,
306 1578 364 1614 his
384 1577 551 1625 denique
572 1576 610 1612 in
632 1575 739 1612 malis
762 1574 854 1624 quid
883 1574 1027 1611 intersit
1053 1574 1148 1611 inter
1174 1587 1235 1611 me
1255 1581 1290 1611 et
1314 1574 1405 1611 istos

118 1655 215 1691 quos
234 1649 387 1691 propter
406 1641 536 1679 omnia
554 1640 760 1695 anijsimus.
815 1638 869 1675 Hi
890 1644 977 1674 sunt
997 1637 1071 1686 qui,
1087 1637 1158 1674 nisi
1174 1650 1235 1674 me
1255 1637 1405 1676 civitate

117 1707 358 1756 expulissent,
374 1706 546 1745 obtinere
563 1719 602 1743 se
619 1719 696 1743 non
714 1710 941 1753 putaverunt
962 1715 1073 1752 posse
1093 1702 1283 1739 licentiam
1304 1702 1404 1750 cupi-

116 1771 279 1809 ditatum
308 1785 470 1809 suarum.
530 1773 703 1819 Quorum
734 1768 924 1807 societatis
952 1775 988 1805 et
1017 1768 1218 1804 sceleratae
1247 1780 1403 1805 consen—

117 1834 233 1872 sionis
254 1836 348 1873 fides
368 1849 446 1884 quo
466 1835 628 1884 eruperit
644 1834 759 1871 vides.
812 1834 918 1870 Alter
937 1832 1043 1868 ardet
1064 1832 1186 1867 furore
1206 1839 1242 1867 et
1262 1832 1401 1868 scelere
1419 1842 1443 1870 2

63 1913 98 1944 25
117 1911 188 1935 nec
208 1899 363 1937 remittit
382 1899 526 1948 aliquid
547 1900 615 1937 sed
635 1899 672 1935 in
694 1898 775 1936 dies
801 1895 1048 1945 ingravescit3
1078 1895 1194 1931 modo
1216 1893 1325 1930 Italia
1344 1907 1402 1931 ex-

117 1962 221 2010 pulit,
237 1977 339 2000 nunc
359 1963 432 2000 alia
446 1976 491 2000 ex
506 1970 611 2012 parte
627 1962 811 2011 persequi,
831 1975 875 1998 ex
891 1960 963 1997 alia
983 1957 1177 2008 provincia
1196 1957 1402 2006 exspoliare

116 2033 275 2062 conatur
304 2039 375 2064 nec
412 2026 487 2064 iam
517 2033 665 2063 recusat
694 2027 760 2063 sed
792 2025 960 2073 quodam
1000 2022 1117 2058 modo
1150 2021 1315 2068 postulat
1348 2028 1398 2066 ut,

117 2101 231 2137 quern
250 2090 299 2127 ad
320 2090 479 2127 modum
499 2096 566 2134 est,
588 2088 641 2126 sic
662 2088 773 2126 etiam
801 2089 1011 2136 appelletur
1035 2094 1223 2134 tyrannus.
1282 2085 1396 2130 Alter,
1417 2095 1442 2131 3

116 2150 147 2188 is
176 2151 241 2200 qui
270 2165 340 2189 nos
371 2151 443 2189 sibi
473 2152 669 2200 quondam
700 2152 750 2188 ad
780 2151 897 2198 pedes
929 2156 1063 2186 stratos
1097 2162 1145 2185 ne
1178 2147 1400 2184 sublevabat

158 2265 177 2283 2
202 2253 308 2284 Facile
325 2254 440 2292 patior.
490 2253 586 2290 Quod
605 2277 610 2282 .
630 2276 636 2282 .
658 2275 665 2281 .
687 2251 897 2288 remississet‚
916 2250 1067 2280 homines
1087 2250 1263 2279 Gronovius
1384 2257 1402 2284 3

115 2296 272 2326 Titinium
288 2296 374 2327 Koch
390 2307 397 2326 z
420 2294 536 2325 tulium
554 2294 614 2324 M:
636 2294 767 2324 Tullum
783 2294 870 2333 vulg.
979 2302 997 2330 5
1024 2292 1317 2321 circumsidentium
1333 2294 1399 2322 vett.

115 2340 152 2411 3<
159 2338 337 2372 dubitarint
358 2337 556 2378 Wesenberg:
581 2340 691 2368 -arent
708 2336 748 2367 M
867 2344 908 2374 25
929 2338 999 2374 post
1014 2334 1139 2375 expulit
1154 2334 1225 2365 add.
1243 2343 1400 2372 generum

150 2391 241 2421 ayser

1259 2418 1317 2451 22*
