1590 2730
32 126 124 162 XII.
147 125 221 161 xiii
512 127 566 163 M.
597 124 759 163 TVLLI
790 127 1086 165 CICERONIS

163 233 342 283 Denique
362 248 477 272 nemo
501 234 655 283 negabit
681 247 720 272 se
747 235 954 271 iuraturum
980 248 1095 283 quem
1121 233 1271 284 rogaris.
1328 235 1448 282 Qu0d

161 296 191 333 si
225 297 293 334 erit
321 297 460 342 durius,
492 297 641 335 veniam
670 304 707 334 et
735 297 815 346 ipse
842 304 1067 346 perpetuum
1096 298 1273 335 morbum
1301 296 1444 335 iurabo.

163 360 262 398 Cum
283 360 385 397 enim
406 360 498 397 mihi
519 361 724 397 carendum
745 360 792 397 sit
815 360 1008 406 conviviis,
1032 362 1132 398 malo
1158 360 1197 398 id
1222 362 1304 409 lege
1328 360 1448 398 videri

161 423 284 459 facere
321 436 437 471 quarn
474 425 616 460 dolore.
685 422 893 461 Cocceium
930 423 1043 459 velim
1081 421 1259 472 appelles.
1330 424 1448 470 Quod

161 485 263 522 enim
297 486 440 523 dixerat
473 499 551 523 non
582 485 680 523 facit.
737 488 819 534 Ego
852 492 981 523 autem
1013 487 1101 523 volo
1132 485 1289 534 aliquod
1322 499 1447 523 emere
1467 497 1482 527 5

161 548 361 585 latibulum
382 556 419 586 et
438 548 650 598 perfugium
671 548 813 586 doloris
833 548 919 586 mei.

202 695 309 730 XIV
457 699 522 730 Scr.
540 698 683 729 Asturae
698 700 754 730 viii
765 699 813 729 Id.
832 699 928 729 Mart.
948 708 977 729 a.
999 708 1056 738 709
1074 698 1152 739 (45).

561 784 728 815 CICERO
750 784 930 815 ATTICO
950 783 1052 814 SAL.

127 884 144 910 1
215 872 275 908 De
295 883 357 908 me
377 872 596 908 excusando
614 872 716 919 apud
737 870 970 919 Appuleium
990 870 1172 907 dederam
1191 870 1240 908 ad
1264 876 1301 907 te
1326 868 1447 918 pridie

161 933 311 971 litteras.
371 933 476 970 Nihil
506 946 588 970 esse
616 933 743 981 negoti
771 933 939 970 arbitror.
998 933 1294 980 Quemcumque
1321 933 1448 981 appel-

160 996 245 1033 laris
275 1009 390 1034 nemo
419 996 582 1044 negabit.
640 997 715 1033 Sed
742 995 966 1044 Septimium
994 995 1082 1032 vide
1107 1002 1144 1032 et
1173 997 1381 1032 Laenatem
1410 1002 1447 1032 et

161 1058 350 1097 Statilium
365 1073 375 1105 ,-
408 1058 526 1096 tribus
552 1058 653 1095 enim
681 1071 777 1107 opus
803 1066 869 1096 est.
928 1059 1003 1096 Sed
1030 1057 1123 1094 mihi
1150 1059 1298 1095 Laenas
1323 1064 1446 1094 totum

160 1129 362 1170 receperat.

119 1194 143 1221 2
214 1186 331 1232 Quod
351 1184 483 1222 scribis
511 1197 533 1221 a
563 1183 675 1221 Iunio
704 1191 740 1221 te
768 1185 1012 1232 appellatum,
1039 1183 1198 1221 omnino
1218 1182 1446 1221 Cornificius

161 1249 330 1296 locuples
351 1254 407 1285 est
422 1261 432 1293 3
460 1248 527 1284 sed
554 1254 682 1283 tamen
711 1246 805 1283 scire
830 1246 944 1283 velim
973 1247 1129 1294 quando
1156 1245 1259 1283 dicar
1283 1258 1446 1294 spopon-

160 1310 262 1348 disse
295 1317 332 1348 et
365 1323 433 1358 pro
466 1319 570 1358 patre
603 1323 702 1347 anne
735 1323 803 1358 pro
837 1309 924 1347 filio.
984 1311 1121 1358 Neque
1154 1322 1200 1346 eo
1234 1308 1369 1354 minus,
1406 1316 1446 1345 ut

161 1373 302 1419 scribis,
338 1380 598 1422 procuratores
628 1372 809 1412 Cornifici
838 1380 875 1410 et
906 1372 1138 1422 Appuleium
1169 1371 1445 1421 praediatorem

160 1436 318 1475 videbis.

118 1502 142 1539 3
214 1500 331 1547 Quod
360 1513 420 1537 me
448 1500 497 1537 ab
526 1501 599 1537 hoc
629 1512 796 1537 maerore
825 1498 981 1537 recreari
1010 1498 1075 1544 vis,
1106 1498 1196 1535 facis
1225 1504 1265 1534 ut
1294 1497 1422 1534 omnia
1436 1511 1446 1543 3

160 1564 227 1600 sed
262 1576 322 1600 me
355 1562 447 1599 mihi
481 1576 558 1600 non
592 1562 758 1599 defuisse
791 1570 830 1599 tu
865 1562 969 1599 testis
1006 1574 1056 1599 es.
1114 1560 1220 1598 Nihil
1258 1560 1359 1597 enim
1396 1560 1445 1597 de

160 1639 329 1664 maerore
350 1625 560 1663 minuendo
580 1625 761 1674 scriptum
782 1627 831 1663 ab
852 1627 929 1662 ullo
949 1633 1004 1662 est
1026 1626 1129 1673 quod
1150 1637 1220 1672 ego
1242 1637 1319 1661 non
1339 1622 1445 1661 domi

159 1697 246 1727 tuae
287 1689 450 1737 legerim.
525 1690 600 1726 Sed
639 1702 792 1726 omnem
831 1688 1132 1726 consolationem
1170 1687 1286 1724 vincit
1323 1688 1441 1724 dolor.

160 1752 264 1800 Quin
285 1752 397 1789 etiam
425 1752 496 1788 feci
523 1753 627 1800 quod
655 1754 825 1800 profecto
854 1760 941 1788 ante
972 1765 1032 1789 me
1061 1764 1176 1788 nemo
1205 1757 1245 1787 ut
1275 1749 1354 1798 ipse
1383 1762 1444 1786 me

158 1829 225 1864 per
256 1815 397 1852 litteras
430 1817 655 1852 consolarer.
732 1817 858 1862 Quem
897 1815 1034 1851 librum
1068 1815 1116 1850 ad
1151 1820 1187 1850 te
1221 1812 1378 1857 mittam,
1414 1811 1444 1848 si

157 1878 424 1926 descripserint
457 1878 606 1915 librarii.
664 1879 839 1915 Adfirmo
868 1877 935 1914 tibi
967 1878 1110 1914 nullam
1141 1875 1443 1913 consolationem
1466 1891 1478 1911 2

157 1955 239 1979 esse
268 1943 392 1978 talem.
460 1943 581 1979 Totos
614 1941 695 1978 dies
729 1941 864 1985 scribo,
900 1954 976 1977 non
1011 1953 1088 1988 quo
1122 1938 1315 1987 proficiam
1350 1938 1443 1986 quid

157 2006 224 2042 sed
245 2004 426 2053 tantisper
445 2004 765 2053 impedior—non
785 2003 964 2052 equidem
985 2003 1073 2040 satis
1092 2002 1165 2048 (vis
1185 2001 1286 2039 enim
1308 2002 1440 2050 urget),

156 2068 275 2104 ——sed
296 2068 439 2104 relaxor
459 2074 586 2104 tamen
605 2068 654 2104 ad
675 2066 880 2114 omniaque
901 2065 999 2102 nitor
1019 2078 1097 2102 non
1116 2066 1165 2102 ad
1184 2064 1354 2101 animum
1375 2065 1442 2101 sed

156 2131 205 2168 ad
245 2132 389 2168 vultum
430 2130 564 2178 ipsum,
604 2129 635 2166 si
672 2142 821 2177 queam,
862 2128 1109 2166 reficiendum
1146 2127 1263 2175 idque
1300 2126 1441 2164 faciens

200 2240 239 2268 27
263 2230 421 2269 impedior
437 2254 443 2260 .
460 2253 466 2260 .
483 2253 490 2260 .
510 2229 585 2268 sed]
603 2229 647 2258 ita
663 2228 858 2268 interpunm't
878 2228 996 2266 Yjvrrell
1149 2229 1189 2257 28
1212 2227 1252 2265 ad
1270 2228 1441 2265 omniaque

157 2272 212 2302 M:
239 2273 391 2310 omnique
406 2272 435 2301 vi
453 2270 655 2311 Wesenberg:
679 2271 834 2309 omnique
851 2281 912 2309 ope
925 2270 1032 2300 Cobet:
1057 2269 1230 2307 omniaque
1249 2269 1331 2298 facio
1344 2274 1442 2307 atque

159 2315 327 2344 Lehmann
413 2314 520 2344 enitor
540 2312 722 2352 W’senbetg
849 2323 890 2350 29
912 2312 1036 2342 vultum
1056 2311 1140 2342 CM:
1165 2312 1283 2342 vulnus
1300 2312 1396 2342 Rom.

1468 946 1506 968 10

1466 1261 1502 1291 Ι5

1466 1575 1503 1596 20
