1690 2710
541 108 652 144 EPP.
680 109 757 144 AD
784 109 1035 146 ATTICVM
1340 109 1426 146 XV.
1443 106 1565 144 xxvii

150 213 339 264 proficisci
373 227 534 263 seseque
568 215 619 252 ad
656 227 717 252 me
753 213 792 251 in
824 215 1086 251 Tusculanum
1118 214 1317 263 scripserat
1353 227 1437 252 esse

150 284 361 315 venturum.
431 279 497 323 Te,
530 284 572 314 ut
607 290 630 314 a
666 290 728 315 me
764 277 991 323 discesseris,
1026 277 1241 314 lacrimasse
1278 279 1480 315 moleste2

150 340 327 377 ferebam.
386 341 504 388 Quod
531 340 563 377 si
590 353 652 377 rne
680 348 877 389 praesente
905 340 1067 386 fecisses,
1091 340 1293 378 consilium
1322 340 1438 378 totius

151 402 294 440 itineris
330 404 486 440 fortasse
518 410 734 440 mutassem.
806 404 881 441 Sed
918 403 1011 441 illud
1044 405 1234 453 praeclare
1263 405 1369 452 quod
1400 411 1439 441 te

115 477 132 508 5
150 467 346 503 consolata
373 474 429 503 est
457 479 543 515 spes
570 466 673 503 brevi
699 474 870 515 tempore
897 466 1170 515 congrediendi
1184 481 1194 513 3
1231 480 1331 515 quae
1360 466 1439 515 qui—

150 530 239 567 dem
259 528 490 577 exspectatio
519 542 580 566 me
609 529 772 566 maxime
800 536 995 566 sustentat.
1054 531 1168 566 Meae
1195 529 1265 567 tibi
1293 530 1438 567 litterae

150 604 228 629 non
261 592 430 628 deerunt.
489 593 549 628 De
583 593 701 628 Bruto
738 591 899 628 scribam
932 593 984 629 ad
1014 598 1052 628 te
1082 592 1220 629 omnia.
1279 592 1438 630 Librum

150 653 220 692 tibi
252 653 421 691 celeriter
458 654 604 691 mittam
638 656 706 692 ‘de
733 654 873 703 gloria.'
930 656 1127 692 Excudam
1157 655 1301 704 aliquid
1330 655 1440 704 Ἡρα-

152 717 324 754 κλείδειον
343 718 447 765 quod
468 718 581 754 lateat
600 716 639 753 in
659 716 843 754 thesauris
871 717 955 754 tuis.
1015 719 1074 754 De
1099 719 1242 755 Planco
1268 718 1435 756 memini.

100 795 135 817 10
151 780 279 817 Attica
310 779 389 817 iure
420 780 595 829 queritur.
654 781 771 828 Quod
799 794 861 818 rne
890 782 939 818 de
968 780 1123 828 Bacchi,
1149 782 1198 818 de
1230 789 1436 819 statuarum
1459 788 1483 824 3

151 843 301 881 coronis
345 843 542 881 certiorem
579 843 710 889 fecisti,
749 845 859 881 valde
901 851 1072 893 gratum,
1117 857 1189 881 nec
1232 844 1438 894 quicquam

151 909 310 956 posthac
335 920 414 944 non
441 908 558 945 modo
586 914 734 944 tantum
764 908 831 945 sed
859 920 908 945 ne
936 909 1125 944 tantulum
1151 907 1308 956 quidem
1336 921 1440 958 prae-

151 971 302 1008 terieris.
360 972 410 1008 Et
429 971 477 1008 de
498 972 657 1008 Herode
682 977 719 1008 et
740 970 879 1008 Mettio
904 971 1115 1008 meminero
1135 978 1171 1008 et
1192 972 1240 1008 de
1260 971 1439 1010 omnibus

152 1047 249 1083 quae
286 1040 323 1071 te
354 1035 450 1071 velle
486 1032 708 1082 suspicabor
744 1034 872 1071 modo.
930 1034 965 1071 O
996 1040 1145 1082 turpem
1182 1033 1319 1071 sororis
1352 1042 1439 1072 tuae

97 1109 134 1139 15
152 1096 297 1134 filium!
353 1097 452 1135 Cum
490 1096 584 1133 haec
621 1095 835 1142 scriberem,
868 1097 1100 1134 adventabat
1137 1099 1226 1148 αὐτῇ
1261 1099 1440 1146 βουλύσει

151 1159 376 1199 cenantibus
394 1159 516 1197 nobis.

192 1347 389 1382 XXVIII
433 1349 500 1380 Ser.
518 1350 552 1380 in
567 1350 599 1380 A
606 1350 755 1390 rpz'nativ
769 1349 856 1381 Non.
878 1349 988 1388 Quint.
1007 1361 1036 1380 a.
1056 1359 1112 1388 710
1129 1349 1212 1390 (44).

544 1445 708 1476 CICERO
735 1445 768 1476 A
778 1445 913 1475 TTICO
942 1445 1045 1477 SAL.

203 1549 296 1596 Ego,
335 1554 376 1584 ut
413 1547 462 1584 ad
499 1553 537 1584 te
573 1544 694 1595 pridie
731 1544 967 1593 scripseram,
1005 1543 1129 1582 Nonis
1166 1544 1437 1582 constitueram

95 1625 132 1646 20
149 1610 276 1648 venire
303 1610 342 1647 in
372 1611 635 1648 Puteolanum.
694 1608 755 1646 Ibi
787 1608 898 1657 igitur
926 1607 1066 1645 cotidie
1099 1615 1182 1645 tuas
1211 1608 1351 1645 litteras
1380 1622 1439 1645 ex-

149 1675 331 1722 spectabo
361 1682 397 1711 et
425 1673 587 1710 maxime
613 1674 662 1710 de
688 1672 810 1718 ludis;
844 1673 892 1710 de
911 1671 1050 1720 quibus
1074 1671 1188 1708 etiarn
1207 1673 1257 1708 ad
1278 1673 1437 1708 Brutum

149 1736 217 1774 tibi
254 1737 497 1774 scribendum
534 1743 600 1773 est.
672 1734 790 1773 Cuius
827 1734 1011 1783 epistulae
1047 1747 1162 1783 quarn
1204 1733 1437 1783 interpretari

149 1799 230 1849 ipse
258 1800 318 1837 vix
345 1808 516 1851 poteram
547 1800 763 1847 exemplum
797 1798 918 1847 pridie
946 1798 1015 1835 tibi
1044 1798 1229 1835 miseram.
1287 1797 1437 1835 Atticae

150 1876 257 1901 meae
276 1863 388 1901 velim
418 1876 479 1900 me
507 1862 558 1899 ita
586 1874 741 1899 excuses
769 1868 810 1898 ut
840 1874 994 1899 ornnem
1021 1862 1172 1910 culpam
1196 1860 1235 1897 in
1261 1868 1297 1898 te
1323 1868 1438 1898 trans-

94 1939 132 1971 25
149 1927 244 1964 feras
264 1935 301 1964 et
321 1926 354 1964 ei
380 1935 508 1964 tamen
534 1927 736 1964 confirmes
762 1938 824 1963 me
852 1924 1095 1962 immutatum
1118 1937 1287 1962 amorem
1307 1937 1436 1962 meum

149 2003 300 2028 mecum
320 1990 529 2028 abstulisse.

195 2101 232 2120 10
247 2090 380 2128 Bacchi,
393 2092 433 2121 de
444 2091 528 2130 vulg.
546 2102 552 2120 :
575 2091 714 2121 bachide
728 2089 785 2119 M:
807 2090 980 2126 Bacchide,
996 2090 1036 2119 de
1051 2088 1203 2119 Graevius
1313 2098 1348 2126 14
1364 2098 1436 2120 sus-

149 2133 282 2172 picabor
300 2144 327 2164 v.
337 2144 359 2163 c.
377 2132 405 2162 L
425 2133 556 2172 (πιανέ)
576 2128 796 2162 ZbORPAnt.
814 2144 820 2162 z
843 2133 995 2170 suspicor
1011 2137 1038 2161 Δ
1179 2141 1215 2169 15
1239 2130 1317 2170 αὐτῇ
1335 2131 1434 2162 Boot:

149 2181 256 2205 autem
274 2176 312 2205 M
436 2186 476 2205 20
500 2175 718 2205 Puteolanum
735 2174 936 2215 Mongaltizts
951 2186 957 2204 :
981 2174 1202 2204 Tusculanum
1219 2172 1259 2202 M
1396 2182 1436 2212 25

149 2218 352 2247 immutatum
376 2227 518 2247 amorem
543 2227 649 2247 meum
675 2216 877 2255 Wesenbeag:
902 2217 1013 2246 minuo
1034 2221 1136 2246 tutam
1160 2226 1271 2245 amore
1294 2226 1367 2246 meo
1380 2214 1434 2248 M:

149 2261 283 2290 minime
295 2265 397 2290 totum
414 2269 555 2290 amorem
572 2270 611 2289 eo
627 2259 647 2288 I
663 2259 730 2299 «Ksed
743 2259 770 2289 is
784 2260 824 2289 ab
841 2270 879 2288 ea
891 2264 952 2298 pro
969 2260 1024 2298 eo)
1043 2258 1113 2288 l'ict.
