1590 2730
103 135 146 170 X.
165 134 239 170 viii
253 146 276 171 A
552 138 605 174 M.
636 139 799 175 TVLLI
829 139 1125 178 CICERONIS

248 242 388 281 Dedita
422 256 536 292 opera
568 246 617 283 ad
645 253 682 283 te
711 246 959 295 Calpurnium
988 246 1320 285 familiarissimum
1349 257 1477 286 meum

194 304 289 352 misi,
313 314 353 343 ut
382 307 474 344 mihi
504 321 662 357 magnae
688 322 799 347 curae
827 317 930 354 tuam
950 309 1065 348 vitam
1089 324 1133 349 ac
1153 311 1376 361 dignitatem
1396 325 1478 350 esse

193 368 330 407 scires'

247 433 396 471 Eodem
416 433 478 472 die
497 447 519 472 a
539 435 701 473 Caesare
721 435 948 474 Philotimus
966 436 1091 474 attulit
1109 437 1184 474 hoc
1204 438 1377 487 exemplo
1393 452 1400 476 ;

815 605 858 642 Β.
1497 613 1514 644 5

483 704 550 735 Scr.
570 714 607 734 ex
622 704 726 733 itinere
739 714 782 734 xv
796 704 838 734 K.
857 703 966 734 Maias
981 714 1009 735 a.
1029 714 1081 744 705
1098 705 1183 746 (49).

325 802 556 840 ‘CAESAR
587 802 696 837 IMP.
728 802 835 838 SAL.
869 803 915 838 D.
947 802 1216 840 CICERONI
1248 804 1359 841 IMP.

158 911 174 937 1
246 897 325 934 Etsi
355 905 392 934 te
420 896 513 932 nihil
542 903 692 941 temere,
716 895 809 932 nihil
838 895 1097 944 imprudenter
1124 898 1311 934 facturum
1340 897 1480 935 iudica-

192 973 282 1005 ram,
318 967 444 997 tamen
474 965 668 1007 permotus
706 958 905 995 hominum
942 960 1043 996 fama
1079 959 1324 997 scribendum
1360 962 1409 998 ad
1443 968 1479 997 te

192 1022 400 1060 existimavi
437 1030 473 1059 et
510 1034 577 1070 pro
614 1029 742 1058 nostra
772 1021 1038 1059 benevolentia
1069 1023 1279 1070 petendum
1317 1035 1366 1060 ne
1402 1035 1479 1071 quo
1499 1036 1538 1059 10

192 1085 466 1135 progredereris
499 1085 707 1134 proclinata
736 1084 811 1121 iam
846 1098 884 1122 re
915 1098 991 1134 quo
1020 1085 1164 1134 integra
1192 1085 1304 1123 etiam
1333 1098 1481 1134 progre-

191 1149 376 1186 diendum
420 1148 488 1185 tibi
532 1161 609 1185 non
653 1147 916 1185 existimasses.
992 1149 1170 1196 Namque
1213 1156 1250 1185 et
1292 1148 1480 1187 amicitiae

190 1212 398 1260 graviorem
436 1211 609 1248 iniuriam
647 1210 778 1247 feceris
816 1218 853 1247 et
890 1210 959 1247 tibi
997 1210 1121 1247 minus
1155 1212 1359 1248 commode
1392 1224 1480 1248 con-

191 1275 359 1320 sulueris,
390 1274 420 1311 si
448 1287 526 1311 non
554 1275 726 1311 fortunae
755 1274 960 1322 obsecutus
988 1273 1175 1311 videberis
1203 1274 1349 1323 (omnia
1377 1274 1479 1311 enirn

191 1337 467 1376 secundissima
503 1337 623 1382 nobis,
654 1337 917 1374 adversissima
949 1337 1020 1373 illis
1057 1337 1241 1375 accidisse
1273 1336 1476 1386 videntur),
1498 1353 1536 1385 15

192 1415 262 1439 nec
288 1414 440 1438 causam
468 1408 618 1438 secutus
640 1400 791 1449 (eadem
820 1400 921 1437 enim
951 1408 1032 1437 tum
1061 1400 1129 1437 fuit
1159 1414 1246 1438 cum
1272 1402 1321 1438 ab
1348 1413 1479 1438 eorum

191 1464 357 1502 consiliis
385 1464 518 1501 abesse
547 1463 748 1511 iudicasti),
780 1464 847 1500 sed
881 1476 1009 1500 meum
1037 1463 1193 1512 aliquod
1222 1465 1363 1500 factum
1393 1476 1481 1500 con-

191 1526 456 1573 demnavisse3
494 1539 571 1575 quo
600 1526 692 1562 mihi
720 1525 868 1575 gravius
896 1527 964 1563 abs
993 1533 1029 1563 te
1058 1526 1110 1562 nil
1137 1526 1309 1564 accidere
1342 1534 1477 1575 potest.
1531 1563 1534 1565 .

151 1601 176 1629 2
194 1591 311 1638 Quod
339 1603 387 1627 ne
415 1589 529 1626 facias
555 1602 622 1637 pro
648 1589 726 1626 iure
756 1596 905 1626 nostrae
933 1588 1122 1626 amicitiae
1147 1602 1169 1625 a
1193 1596 1231 1626 te
1254 1596 1352 1637 peto.
1411 1590 1481 1626 Po-

192 1662 332 1691 stremo
351 1653 444 1701 quid
464 1652 543 1689 viro
563 1652 666 1689 bono
686 1659 722 1689 et
743 1651 872 1700 quieto
892 1659 929 1689 et
949 1652 1052 1689 bono
1072 1651 1144 1689 civi
1164 1651 1282 1700 magis
1301 1651 1479 1689 convenit
1499 1668 1539 1690 20

192 1730 306 1766 quam
343 1717 476 1753 abesse
508 1729 531 1752 a
562 1715 735 1753 civilibus
769 1715 1063 1753 controversiis?
1117 1716 1234 1762 Quod
1272 1728 1350 1752 non
1387 1714 1480 1751 nulli

191 1793 278 1818 cum
317 1779 529 1827 probarent,
565 1778 720 1826 periculi
759 1791 872 1815 causa
908 1777 1015 1826 sequi
1052 1790 1130 1815 non
1167 1784 1398 1826 potuerunt;
1439 1784 1480 1814 tu

192 1844 385 1891 explorato
422 1849 459 1879 et
495 1841 593 1879 vitae
640 1854 746 1879 meae
783 1840 1001 1879 testimonio
1038 1848 1074 1878 et
1111 1839 1298 1878 amicitiae
1338 1839 1480 1877 iudicio

191 1919 316 1954 neque
345 1905 461 1942 tutius
489 1918 614 1954 neque
642 1904 838 1942 honestius
867 1903 1027 1953 reperies
1056 1903 1261 1952 quicquam
1287 1915 1401 1951 quam
1429 1903 1478 1939 ab

191 1969 295 2006 omni
316 1969 561 2006 contentione
581 1969 724 2006 abesse.
782 1979 835 2004 xv
857 1969 941 2004 Kal.
962 1966 1084 2004 Maias
1104 1979 1148 2004 ex
1167 1965 1322 2003 itinere.'
1497 1983 1535 2014 25

678 2079 687 2091 N,

232 2089 251 2116 4
275 2079 383 2108 attulit
402 2078 486 2108 codd.
510 2080 646 2119 (practer
659 2090 689 2117 ss
705 2089 710 2107 ε
735 2078 860 2108 litteras
877 2077 985 2107 attulit
1001 2088 1018 2106 s
1147 2086 1180 2106 11
1209 2076 1363 2106 inclinata
1379 2076 1477 2106 Rom.

192 2132 256 2160 quo
275 2121 336 2150 OR
351 2133 357 2151 :
389 2132 451 2159 qua
468 2132 542 2151 corr.
562 2132 600 2150 ex
614 2131 678 2159 quo
697 2120 753 2151 M:
777 2130 840 2158 qua
856 2119 902 2149 Ps
1004 2129 1040 2156 14
1063 2119 1226 2149 videberis
1242 2129 1259 2148 s
1276 2117 1477 2157 Wesenberg:

191 2168 227 2194 ut
244 2164 382 2193 deberes
402 2163 490 2193 OM:
513 2164 667 2194 videbere
685 2162 722 2192 M
738 2162 877 2203 (marg.)
895 2162 979 2202 vulg.
1095 2171 1132 2200 19
1156 2166 1233 2200 peto
1249 2160 1290 2191 I:
1313 2165 1390 2199 puto
1407 2159 1448 2189 M
