1590 2730
543 130 655 166 EPP.
683 131 759 166 AD
787 131 1039 168 ATTICVM
1331 130 1425 166 XII.
1445 127 1506 165 vii
1551 126 1554 127 ⁷

142 235 261 285 magis
284 235 507 274 liberalitate
532 235 586 273 uti
612 249 698 273 mea
722 249 837 285 quam
861 250 929 274 sua
953 237 1135 275 libertate.
1193 239 1269 275 Sed
1297 244 1425 275 tamen

141 298 294 348 permisi
308 313 318 345 3
346 299 415 336 tibi
434 298 537 336 enirn
556 298 815 336 intellexeram
834 313 913 337 non
939 299 1051 337 nimis
1075 300 1284 348 displicere.
1343 302 1426 348 Ego

142 361 257 399 etiam
293 369 408 410 atque
440 361 554 399 etiam
587 361 764 410 cogitabo
801 369 914 410 teque
952 370 993 399 ut
1030 362 1132 400 idem
1170 362 1284 400 facias
1322 376 1423 411 rogo.

145 425 287 473 Magna
311 438 369 462 res
395 433 452 462 est
465 439 476 472 3
503 424 663 474 simplex
689 432 745 462 est
768 438 933 471 manere,
955 425 1049 463 illud
1075 438 1225 473 anceps.
1283 427 1426 463 Verum

106 500 125 532 5
141 487 366 526 videbimus.

196 553 257 589 De
281 552 403 590 Balbo
426 559 462 590 et
487 551 527 589 in
553 551 737 590 codicillis
764 551 986 601 scripseram
1012 559 1050 589 et
1077 551 1129 588 ita
1157 551 1292 600 cogito,
1315 551 1427 589 simul
1444 558 1468 585 2

142 628 188 652 ac
213 615 374 653 redierit.
431 615 497 653 Sin
524 615 586 653 ille
609 615 762 661 tardius,
791 628 862 664 ego
887 623 1017 653 tamen
1043 614 1221 661 triduum,
1247 622 1295 661 ct,
1322 616 1428 664 quod

142 677 326 726 praeterii,
349 679 552 716 Dolabella
571 678 685 716 etiam
705 691 868 716 mecum.

183 823 298 858 VIII
373 826 441 858 Scr.
460 827 494 857 in
515 826 695 858 Tusculano
711 838 753 857 m.
773 828 874 858 intere.
889 831 970 868 post.
991 838 1020 858 a.
1042 829 1102 866 708
1119 827 1201 868 (46).

89 920 127 942 10
543 913 709 943 CICERO
730 912 907 943 ATTICO
928 912 1029 943 SAL.

197 996 257 1033 De
278 994 464 1034 Cicerone
484 996 612 1033 multis
633 1010 690 1034 res
710 998 844 1045 placet.
895 998 1037 1035 Comes
1057 1004 1113 1034 est
1133 996 1305 1035 idoneus.
1353 999 1430 1036 Sed

144 1060 193 1096 de
212 1058 334 1107 prima
352 1058 537 1107 pensione
556 1067 644 1097 ante
664 1059 871 1097 videamus.
929 1061 1051 1098 Adest
1075 1060 1177 1098 enirn
1201 1061 1282 1098 dies
1308 1069 1344 1098 et
1368 1061 1430 1099 ille

145 1122 267 1159 currit.
325 1122 465 1168 Scribe,
492 1136 643 1171 quaeso,
670 1123 763 1171 quid
790 1125 923 1161 referat
945 1125 1055 1162 Celer
1081 1124 1201 1172 egisse
1228 1126 1429 1162 Caesarem

145 1198 233 1222 cum
253 1185 477 1232 candidatis,
500 1193 625 1223 utrum
646 1186 726 1235 ipse
753 1186 791 1223 in
818 1187 1080 1224 fenicularium
1107 1200 1155 1224 an
1182 1186 1221 1223 in
1249 1187 1430 1224 Martium

86 1263 125 1294 15
146 1262 324 1297 campum
344 1249 493 1298 cogitet.
551 1251 601 1287 Et
621 1250 715 1288 scire
739 1264 829 1288 sane
852 1251 965 1288 velim
990 1250 1178 1299 numquid
1204 1263 1358 1288 necesse
1384 1250 1431 1288 sit

145 1312 308 1350 comitiis
337 1326 419 1350 esse
448 1315 607 1351 Romae.
666 1315 766 1351 Nam
796 1322 833 1352 et
863 1314 979 1352 Piliae
1008 1314 1097 1352 satis
1126 1313 1343 1352 faciendum
1374 1321 1431 1353 est

144 1383 182 1413 et
202 1375 332 1424 utique
351 1375 512 1414 Atticae.

185 1523 251 1558 IX
455 1526 522 1558 Scr.
542 1526 684 1557 Asturae
701 1528 732 1557 vi
744 1527 787 1558 K.
806 1527 891 1558 Sext.
913 1538 941 1558 α.
966 1538 1021 1567 709
1042 1528 1120 1568 (45).

546 1612 713 1643 CICERO
735 1612 914 1643 ATTICO
936 1612 1037 1643 SAL.

89 1715 128 1737 20
198 1700 258 1737 Ne
278 1712 348 1747 ego
369 1712 491 1736 essem
512 1699 573 1736 hic
593 1698 755 1736 libenter
774 1706 888 1747 atque
908 1698 946 1736 id
967 1699 1108 1736 cotidie
1128 1698 1256 1748 magis,
1274 1699 1312 1736 ni
1333 1706 1432 1737 esset

145 1776 190 1800 ea
217 1776 331 1800 causa
354 1776 467 1811 quam
496 1763 564 1799 tibi
591 1762 847 1811 superioribus
873 1762 1004 1800 litteris
1030 1763 1170 1811 scripsi.
1229 1763 1334 1800 Nihil
1360 1765 1431 1801 hac

145 1826 350 1864 solitudine
383 1826 598 1872 iucundius,
634 1826 706 1864 nisi
738 1828 895 1875 paulum
932 1827 1207 1875 interpellasset
1240 1829 1430 1875 Amyntae

145 1889 254 1926 filius.
302 1889 352 1925 ’Ὢ
381 1892 684 1941 ἀπεραντολογίας
707 1891 855 1938 ἀηδοῦςὶ
911 1892 1047 1929 Cetera
1071 1890 1148 1927 noli
1174 1897 1306 1938 putare
1331 1903 1431 1926 ama-

144 1952 279 1989 biliora
304 1952 382 1990 fieri
411 1966 523 2002 posse
546 1954 643 2000 villa,
666 1953 784 2000 litore,
812 1962 1013 2003 prospectu
1040 1954 1161 1999 maris,
1185 1953 1349 1998 tumulis,
1373 1953 1430 1991 his

89 2027 126 2058 25
144 2016 256 2053 rebus
283 2016 472 2053 omnibus.
530 2018 605 2054 Sed
633 2030 757 2065 neque
784 2018 877 2054 haec
901 2017 1015 2065 digna
1040 2016 1274 2065 longioribus
1301 2015 1431 2053 litteris

144 2092 215 2116 nec
236 2086 313 2116 erat
333 2080 437 2127 quod
459 2079 673 2125 scriberem,
696 2087 732 2117 et
753 2093 909 2117 somnus
931 2080 1096 2128 urgebat.

191 2189 228 2217 14
251 2178 515 2209 Foenicularium
537 2179 721 2219 Wesenberg
828 2182 865 2209 16
889 2184 920 2209 et
938 2179 1037 2209 Piliae
1054 2180 1091 2208 J:
1115 2180 1231 2218 cepilie
1248 2179 1289 2209 M
1391 2188 1432 2218 23

146 2222 299 2252 Ceterum
315 2220 451 2256 Schatz.
520 2232 560 2259 24
583 2222 661 2252 villa
677 2222 761 2261 vulg.
776 2233 782 2253 ε
808 2221 873 2252 ulla
890 2221 930 2250 M
942 2221 1089 2251 Schmidt
1174 2223 1281 2253 maris.
1301 2222 1432 2252 tumulis

148 2264 228 2293 (sine
249 2264 314 2300 his)
333 2263 504 2293 Lehmann
528 2264 591 2294 coll.
620 2265 683 2294 xiv.
707 2275 751 2301 13.
775 2274 784 2292 1
804 2275 810 2293 :
838 2265 935 2293 maris
954 2269 1021 2293 turn
1039 2265 1077 2293 iis
1094 2263 1152 2293 M:
1180 2265 1363 2296 maritumo.
1382 2264 1433 2294 his

147 2306 236 2344 Reid⁷
246 2307 324 2344 fort.
344 2310 416 2336 recte
