<?xml version="1.0" encoding="UTF-8"?>
<!DOCTYPE html PUBLIC "-//W3C//DTD XHTML 1.0 Transitional//EN"
    "http://www.w3.org/TR/xhtml1/DTD/xhtml1-transitional.dtd">
<html xmlns="http://www.w3.org/1999/xhtml" xml:lang="en" lang="en">
 <head>
  <title>
</title>
<meta http-equiv="Content-Type" content="text/html;charset=utf-8" />
  <meta name='ocr-system' content='tesseract 3.04.00' />
  <meta name='ocr-capabilities' content='ocr_page ocr_carea ocr_par ocr_line ocrx_word'/>
</head>
<body>
  <div class='ocr_page' id='page_1' title='image "./mtulliciceronise00cice_0043.png"; bbox 0 0 1590 2730; ppageno 0'>
   <div class='ocr_carea' id='block_1_1' title="bbox 543 130 1533 173">
    <p class='ocr_par' dir='ltr' id='par_1_1' title="bbox 543 130 1533 173">
     <span class='ocr_line' id='line_1_1' title="bbox 543 130 1533 173; baseline -0.001 -3"><span class='ocrx_word' id='word_1_1' title='bbox 543 134 652 171; x_wconf 90' lang='lat' dir='ltr'>EPP.</span> <span class='ocrx_word' id='word_1_2' title='bbox 684 135 759 171; x_wconf 93' lang='lat' dir='ltr'><strong>AD</strong></span> <span class='ocrx_word' id='word_1_3' title='bbox 787 135 1038 173; x_wconf 92' lang='lat' dir='ltr'><strong>ATTICVM</strong></span> <span class='ocrx_word' id='word_1_4' title='bbox 1366 135 1435 172; x_wconf 88' lang='lat' dir='ltr'><strong>IX.</strong></span> <span class='ocrx_word' id='word_1_5' title='bbox 1457 130 1533 170; x_wconf 86' lang='lat' dir='ltr'><strong>xiv</strong></span> 
     </span>
    </p>
   </div>
   <div class='ocr_carea' id='block_1_2' title="bbox 85 241 1464 1172">
    <p class='ocr_par' dir='ltr' id='par_1_2' title="bbox 85 241 1464 1172">
     <span class='ocr_line' id='line_1_2' title="bbox 142 241 1424 292; baseline -0.001 -12"><span class='ocrx_word' id='word_1_6' title='bbox 142 255 286 292; x_wconf 88' lang='lat' dir='ltr'><strong>poenas</strong></span> <span class='ocrx_word' id='word_1_7' title='bbox 313 241 489 291; x_wconf 87' lang='lat' dir='ltr'><strong>persequi</strong></span> <span class='ocrx_word' id='word_1_8' title='bbox 517 241 768 290; x_wconf 89' lang='lat' dir='ltr'><strong>omniumque</strong></span> <span class='ocrx_word' id='word_1_9' title='bbox 787 255 919 280; x_wconf 88' lang='lat' dir='ltr'><strong>eorum</strong></span> <span class='ocrx_word' id='word_1_10' title='bbox 945 242 985 280; x_wconf 92' lang='lat' dir='ltr'><strong>in</strong></span> <span class='ocrx_word' id='word_1_11' title='bbox 1010 255 1107 291; x_wconf 88' lang='lat' dir='ltr'><strong>quos</strong></span> <span class='ocrx_word' id='word_1_12' title='bbox 1133 244 1237 280; x_wconf 88' lang='lat' dir='ltr'><strong>Sulla</strong></span> <span class='ocrx_word' id='word_1_13' title='bbox 1261 241 1424 280; x_wconf 88' lang='lat' dir='ltr'><strong>crudelis</strong></span> 
     </span>
     <span class='ocr_line' id='line_1_3' title="bbox 141 304 1424 353; baseline 0.001 -12"><span class='ocrx_word' id='word_1_14' title='bbox 141 306 216 343; x_wconf 91' lang='lat' dir='ltr'><strong>hoc</strong></span> <span class='ocrx_word' id='word_1_15' title='bbox 247 304 351 342; x_wconf 87' lang='lat' dir='ltr'><strong>socio</strong></span> <span class='ocrx_word' id='word_1_16' title='bbox 385 305 542 352; x_wconf 83' lang='lat' dir='ltr'><strong>fuisset3</strong></span> <span class='ocrx_word' id='word_1_17' title='bbox 580 304 674 341; x_wconf 87' lang='lat' dir='ltr'>nihil</span> <span class='ocrx_word' id='word_1_18' title='bbox 705 304 912 342; x_wconf 77' lang='lat' dir='ltr'>Curionem</span> <span class='ocrx_word' id='word_1_19' title='bbox 950 318 989 342; x_wconf 90' lang='lat' dir='ltr'><strong>se</strong></span> <span class='ocrx_word' id='word_1_20' title='bbox 1026 306 1124 342; x_wconf 90' lang='lat' dir='ltr'><strong>duce</strong></span> <span class='ocrx_word' id='word_1_21' title='bbox 1161 306 1283 342; x_wconf 88' lang='lat' dir='ltr'><strong>facere</strong></span> <span class='ocrx_word' id='word_1_22' title='bbox 1319 306 1424 353; x_wconf 85' lang='lat' dir='ltr'><strong>quod</strong></span> 
     </span>
     <span class='ocr_line' id='line_1_4' title="bbox 143 367 1424 416; baseline -0.001 -11"><span class='ocrx_word' id='word_1_23' title='bbox 143 381 221 406; x_wconf 90' lang='lat' dir='ltr'><strong>non</strong></span> <span class='ocrx_word' id='word_1_24' title='bbox 242 367 304 405; x_wconf 86' lang='lat' dir='ltr'><strong>hic</strong></span> <span class='ocrx_word' id='word_1_25' title='bbox 324 369 428 405; x_wconf 87' lang='lat' dir='ltr'><strong>Sulla</strong></span> <span class='ocrx_word' id='word_1_26' title='bbox 447 369 545 405; x_wconf 90' lang='lat' dir='ltr'><strong>duce</strong></span> <span class='ocrx_word' id='word_1_27' title='bbox 565 367 715 404; x_wconf 77' lang='lat' dir='ltr'><strong>fecisset</strong></span> <span class='ocrx_word' id='word_1_28' title='bbox 732 382 738 410; x_wconf 87' lang='lat'>;</span> <span class='ocrx_word' id='word_1_29' title='bbox 767 369 839 405; x_wconf 77' lang='lat' dir='ltr'><strong>†ad</strong></span> <span class='ocrx_word' id='word_1_30' title='bbox 859 368 1144 413; x_wconf 67' lang='lat' dir='ltr'><strong>ambitioneml&#39;,</strong></span> <span class='ocrx_word' id='word_1_31' title='bbox 1162 367 1299 416; x_wconf 86' lang='lat' dir='ltr'><strong>quibus</strong></span> <span class='ocrx_word' id='word_1_32' title='bbox 1320 367 1424 404; x_wconf 79' lang='lat' dir='ltr'><strong>exsili</strong></span> 
     </span>
     <span class='ocr_line' id='line_1_5' title="bbox 142 429 1425 479; baseline -0.002 -11"><span class='ocrx_word' id='word_1_33' title='bbox 142 444 267 479; x_wconf 89' lang='lat' dir='ltr'><strong>poena</strong></span> <span class='ocrx_word' id='word_1_34' title='bbox 288 430 543 479; x_wconf 89' lang='lat' dir='ltr'><strong>superioribus</strong></span> <span class='ocrx_word' id='word_1_35' title='bbox 563 430 708 479; x_wconf 83' lang='lat' dir='ltr'><strong>legibus</strong></span> <span class='ocrx_word' id='word_1_36' title='bbox 729 443 807 467; x_wconf 93' lang='lat' dir='ltr'><strong>non</strong></span> <span class='ocrx_word' id='word_1_37' title='bbox 827 430 967 476; x_wconf 84' lang='lat' dir='ltr'><strong>fuisset,</strong></span> <span class='ocrx_word' id='word_1_38' title='bbox 990 431 1039 467; x_wconf 89' lang='lat' dir='ltr'><strong>ab</strong></span> <span class='ocrx_word' id='word_1_39' title='bbox 1059 430 1122 467; x_wconf 93' lang='lat' dir='ltr'><strong>illo</strong></span> <span class='ocrx_word' id='word_1_40' title='bbox 1143 430 1283 478; x_wconf 78' lang='lat' dir='ltr'><strong>patriae</strong></span> <span class='ocrx_word' id='word_1_41' title='bbox 1303 429 1425 478; x_wconf 90' lang='lat' dir='ltr'><strong>prodi—</strong></span> 
     </span>
     <span class='ocr_line' id='line_1_6' title="bbox 105 492 1423 541; baseline -0.001 -11"><span class='ocrx_word' id='word_1_42' title='bbox 105 505 122 536; x_wconf 88' lang='lat'><strong>5</strong></span> <span class='ocrx_word' id='word_1_43' title='bbox 142 500 240 530; x_wconf 91' lang='lat' dir='ltr'><strong>tores</strong></span> <span class='ocrx_word' id='word_1_44' title='bbox 272 494 320 530; x_wconf 89' lang='lat' dir='ltr'><strong>de</strong></span> <span class='ocrx_word' id='word_1_45' title='bbox 350 493 480 530; x_wconf 86' lang='lat' dir='ltr'><strong>exsilio</strong></span> <span class='ocrx_word' id='word_1_46' title='bbox 511 494 688 531; x_wconf 89' lang='lat' dir='ltr'><strong>reductos</strong></span> <span class='ocrx_word' id='word_1_47' title='bbox 719 506 800 530; x_wconf 88' lang='lat' dir='ltr'><strong>esse</strong></span> <span class='ocrx_word' id='word_1_48' title='bbox 815 507 824 539; x_wconf 78' lang='lat'><em>3</em></span> <span class='ocrx_word' id='word_1_49' title='bbox 863 493 969 541; x_wconf 87' lang='lat' dir='ltr'><strong>queri</strong></span> <span class='ocrx_word' id='word_1_50' title='bbox 1000 494 1048 530; x_wconf 90' lang='lat' dir='ltr'><strong>de</strong></span> <span class='ocrx_word' id='word_1_51' title='bbox 1081 492 1226 529; x_wconf 82' lang='lat' dir='ltr'><strong>Milone</strong></span> <span class='ocrx_word' id='word_1_52' title='bbox 1255 506 1320 541; x_wconf 92' lang='lat' dir='ltr'><strong>per</strong></span> <span class='ocrx_word' id='word_1_53' title='bbox 1348 492 1423 529; x_wconf 89' lang='lat' dir='ltr'><strong>vim</strong></span> 
     </span>
     <span class='ocr_line' id='line_1_7' title="bbox 142 556 1425 605; baseline -0.001 -12"><span class='ocrx_word' id='word_1_54' title='bbox 142 557 323 605; x_wconf 79' lang='lat' dir='ltr'><strong>expulso,·</strong></span> <span class='ocrx_word' id='word_1_55' title='bbox 364 556 557 593; x_wconf 90' lang='lat' dir='ltr'><strong>neminem</strong></span> <span class='ocrx_word' id='word_1_56' title='bbox 604 563 732 593; x_wconf 91' lang='lat' dir='ltr'><strong>tamen</strong></span> <span class='ocrx_word' id='word_1_57' title='bbox 770 569 809 593; x_wconf 89' lang='lat' dir='ltr'><strong>se</strong></span> <span class='ocrx_word' id='word_1_58' title='bbox 847 556 1071 593; x_wconf 84' lang='lat' dir='ltr'><strong>violaturum</strong></span> <span class='ocrx_word' id='word_1_59' title='bbox 1112 556 1183 593; x_wconf 91' lang='lat' dir='ltr'><strong>nisi</strong></span> <span class='ocrx_word' id='word_1_60' title='bbox 1220 556 1285 604; x_wconf 82' lang='lat' dir='ltr'><strong>qui</strong></span> <span class='ocrx_word' id='word_1_61' title='bbox 1321 569 1425 593; x_wconf 91' lang='lat' dir='ltr'><strong>arma</strong></span> 
     </span>
     <span class='ocr_line' id='line_1_8' title="bbox 142 619 1422 668; baseline -0.002 -11"><span class='ocrx_word' id='word_1_62' title='bbox 142 626 282 657; x_wconf 90' lang='lat' dir='ltr'><strong>contra.</strong></span> <span class='ocrx_word' id='word_1_63' title='bbox 341 621 451 657; x_wconf 91' lang='lat' dir='ltr'><strong>Haec</strong></span> <span class='ocrx_word' id='word_1_64' title='bbox 473 619 636 657; x_wconf 82' lang='lat' dir='ltr'><strong>Baebius</strong></span> <span class='ocrx_word' id='word_1_65' title='bbox 657 619 812 668; x_wconf 89' lang='lat' dir='ltr'><strong>quidam</strong></span> <span class='ocrx_word' id='word_1_66' title='bbox 832 632 854 655; x_wconf 94' lang='lat' dir='ltr'><strong>a</strong></span> <span class='ocrx_word' id='word_1_67' title='bbox 875 619 1041 657; x_wconf 82' lang='lat' dir='ltr'><strong>Curione</strong></span> <span class='ocrx_word' id='word_1_68' title='bbox 1069 631 1113 655; x_wconf 87' lang='lat'><strong>111</strong></span> <span class='ocrx_word' id='word_1_69' title='bbox 1142 619 1199 655; x_wconf 87' lang='lat' dir='ltr'><strong>Id.</strong></span> <span class='ocrx_word' id='word_1_70' title='bbox 1221 619 1422 667; x_wconf 89' lang='lat' dir='ltr'><strong>profectus,</strong></span> 
     </span>
     <span class='ocr_line' id='line_1_9' title="bbox 142 681 1439 731; baseline 0 -13"><span class='ocrx_word' id='word_1_71' title='bbox 142 683 259 720; x_wconf 93' lang='lat' dir='ltr'><strong>homo</strong></span> <span class='ocrx_word' id='word_1_72' title='bbox 288 695 366 720; x_wconf 92' lang='lat' dir='ltr'><strong>non</strong></span> <span class='ocrx_word' id='word_1_73' title='bbox 391 682 515 719; x_wconf 86' lang='lat' dir='ltr'><strong>infans</strong></span> <span class='ocrx_word' id='word_1_74' title='bbox 544 684 611 720; x_wconf 88' lang='lat' dir='ltr'><strong>sed</strong></span> <span class='ocrx_word' id='word_1_75' title='bbox 632 682 740 731; x_wconf 84' lang='lat' dir='ltr'><strong>†quis</strong></span> <span class='ocrx_word' id='word_1_76' title='bbox 766 682 857 721; x_wconf 87' lang='lat' dir='ltr'><strong>ulli†</strong></span> <span class='ocrx_word' id='word_1_77' title='bbox 879 695 956 719; x_wconf 91' lang='lat' dir='ltr'><strong>non</strong></span> <span class='ocrx_word' id='word_1_78' title='bbox 984 681 1096 719; x_wconf 89' lang='lat' dir='ltr'><strong>dicat.</strong></span> <span class='ocrx_word' id='word_1_79' title='bbox 1154 683 1270 719; x_wconf 81' lang='lat' dir='ltr'><strong>Plane</strong></span> <span class='ocrx_word' id='word_1_80' title='bbox 1296 681 1439 718; x_wconf 80' lang='lat' dir='ltr'><strong>nescio-</strong></span> 
     </span>
     <span class='ocr_line' id='line_1_10' title="bbox 143 743 1426 794; baseline -0.002 -12"><span class='ocrx_word' id='word_1_81' title='bbox 143 745 235 793; x_wconf 88' lang='lat' dir='ltr'><strong>quid</strong></span> <span class='ocrx_word' id='word_1_82' title='bbox 256 758 375 794; x_wconf 86' lang='lat' dir='ltr'><strong>agam.</strong></span> <span class='ocrx_word' id='word_1_83' title='bbox 417 745 517 782; x_wconf 91' lang='lat' dir='ltr'><strong>Illim</strong></span> <span class='ocrx_word' id='word_1_84' title='bbox 538 745 717 794; x_wconf 87' lang='lat' dir='ltr'><strong>equidem</strong></span> <span class='ocrx_word' id='word_1_85' title='bbox 738 746 913 782; x_wconf 83' lang='lat' dir='ltr'><strong>Gnaeum</strong></span> <span class='ocrx_word' id='word_1_86' title='bbox 935 746 1146 793; x_wconf 88' lang='lat' dir='ltr'><strong>profectum</strong></span> <span class='ocrx_word' id='word_1_87' title='bbox 1168 752 1271 792; x_wconf 90' lang='lat' dir='ltr'><strong>puto.</strong></span> <span class='ocrx_word' id='word_1_88' title='bbox 1312 743 1426 791; x_wconf 87' lang='lat' dir='ltr'><strong>Quic-</strong></span> 
     </span>
     <span class='ocr_line' id='line_1_11' title="bbox 85 807 1424 856; baseline 0 -12"><span class='ocrx_word' id='word_1_89' title='bbox 85 819 124 842; x_wconf 93' lang='lat'><strong>10</strong></span> <span class='ocrx_word' id='word_1_90' title='bbox 143 808 237 856; x_wconf 89' lang='lat' dir='ltr'><strong>quid</strong></span> <span class='ocrx_word' id='word_1_91' title='bbox 267 816 322 846; x_wconf 86' lang='lat' dir='ltr'><strong>est</strong></span> <span class='ocrx_word' id='word_1_92' title='bbox 352 808 472 846; x_wconf 89' lang='lat' dir='ltr'><strong>biduo</strong></span> <span class='ocrx_word' id='word_1_93' title='bbox 505 808 678 846; x_wconf 83' lang='lat' dir='ltr'><strong>sciemus.</strong></span> <span class='ocrx_word' id='word_1_94' title='bbox 736 810 772 845; x_wconf 92' lang='lat' dir='ltr'><strong>A</strong></span> <span class='ocrx_word' id='word_1_95' title='bbox 801 816 838 845; x_wconf 89' lang='lat' dir='ltr'><strong>te</strong></span> <span class='ocrx_word' id='word_1_96' title='bbox 869 807 961 844; x_wconf 88' lang='lat' dir='ltr'><strong>nihil</strong></span> <span class='ocrx_word' id='word_1_97' title='bbox 993 821 1040 844; x_wconf 89' lang='lat' dir='ltr'><strong>ne</strong></span> <span class='ocrx_word' id='word_1_98' title='bbox 1070 809 1235 844; x_wconf 87' lang='lat' dir='ltr'><strong>Anteros</strong></span> <span class='ocrx_word' id='word_1_99' title='bbox 1268 807 1424 855; x_wconf 89' lang='lat' dir='ltr'><strong>quidem</strong></span> 
     </span>
     <span class='ocr_line' id='line_1_12' title="bbox 142 870 1426 920; baseline -0.001 -12"><span class='ocrx_word' id='word_1_100' title='bbox 142 871 347 909; x_wconf 86' lang='lat' dir='ltr'><strong>litterarum</strong></span> <span class='ocrx_word' id='word_1_101' title='bbox 362 886 372 918; x_wconf 78' lang='lat'><strong>,-</strong></span> <span class='ocrx_word' id='word_1_102' title='bbox 399 885 470 909; x_wconf 90' lang='lat' dir='ltr'><strong>nec</strong></span> <span class='ocrx_word' id='word_1_103' title='bbox 499 871 646 908; x_wconf 90' lang='lat' dir='ltr'><strong>mirum.</strong></span> <span class='ocrx_word' id='word_1_104' title='bbox 705 871 811 919; x_wconf 87' lang='lat' dir='ltr'><strong>Quid</strong></span> <span class='ocrx_word' id='word_1_105' title='bbox 838 871 939 908; x_wconf 91' lang='lat' dir='ltr'><strong>enim</strong></span> <span class='ocrx_word' id='word_1_106' title='bbox 969 878 1024 908; x_wconf 89' lang='lat' dir='ltr'><strong>est</strong></span> <span class='ocrx_word' id='word_1_107' title='bbox 1053 872 1157 920; x_wconf 91' lang='lat' dir='ltr'><strong>quod</strong></span> <span class='ocrx_word' id='word_1_108' title='bbox 1186 870 1426 908; x_wconf 85' lang='lat' dir='ltr'><strong>scribamus?</strong></span> 
     </span>
     <span class='ocr_line' id='line_1_13' title="bbox 143 934 949 983; baseline 0 -12"><span class='ocrx_word' id='word_1_109' title='bbox 143 936 225 983; x_wconf 88' lang='lat' dir='ltr'><strong>Ego</strong></span> <span class='ocrx_word' id='word_1_110' title='bbox 245 942 372 972; x_wconf 87' lang='lat' dir='ltr'><strong>tamen</strong></span> <span class='ocrx_word' id='word_1_111' title='bbox 393 936 538 971; x_wconf 91' lang='lat' dir='ltr'><strong>nullum</strong></span> <span class='ocrx_word' id='word_1_112' title='bbox 560 935 660 972; x_wconf 89' lang='lat' dir='ltr'><strong>diem</strong></span> <span class='ocrx_word' id='word_1_113' title='bbox 681 934 949 983; x_wconf 84' lang='lat' dir='ltr'><strong>praetermitto.</strong></span> 
     </span>
     <span class='ocr_line' id='line_1_14' title="bbox 195 997 1464 1046; baseline -0.002 -12"><span class='ocrx_word' id='word_1_114' title='bbox 195 997 341 1046; x_wconf 86' lang='lat' dir='ltr'><strong>Scripta</strong></span> <span class='ocrx_word' id='word_1_115' title='bbox 370 997 530 1046; x_wconf 86' lang='lat' dir='ltr'><strong>epistula</strong></span> <span class='ocrx_word' id='word_1_116' title='bbox 556 997 700 1034; x_wconf 83' lang='lat' dir='ltr'><strong>litterae</strong></span> <span class='ocrx_word' id='word_1_117' title='bbox 729 997 821 1033; x_wconf 91' lang='lat' dir='ltr'><strong>mihi</strong></span> <span class='ocrx_word' id='word_1_118' title='bbox 847 1004 934 1034; x_wconf 93' lang='lat' dir='ltr'><strong>ante</strong></span> <span class='ocrx_word' id='word_1_119' title='bbox 954 998 1079 1034; x_wconf 90' lang='lat' dir='ltr'><strong>lucem</strong></span> <span class='ocrx_word' id='word_1_120' title='bbox 1098 1010 1120 1033; x_wconf 91' lang='lat' dir='ltr'><strong>a</strong></span> <span class='ocrx_word' id='word_1_121' title='bbox 1141 998 1261 1044; x_wconf 82' lang='lat' dir='ltr'><strong>Lepta</strong></span> <span class='ocrx_word' id='word_1_122' title='bbox 1290 997 1423 1044; x_wconf 81' lang='lat' dir='ltr'><strong>Capua</strong></span> <span class='ocrx_word' id='word_1_123' title='bbox 1441 1001 1464 1038; x_wconf 89' lang='lat'>3</span> 
     </span>
     <span class='ocr_line' id='line_1_15' title="bbox 143 1059 1425 1108; baseline -0.002 -10"><span class='ocrx_word' id='word_1_124' title='bbox 143 1060 313 1098; x_wconf 90' lang='lat' dir='ltr'><strong>redditae</strong></span> <span class='ocrx_word' id='word_1_125' title='bbox 342 1068 429 1098; x_wconf 92' lang='lat' dir='ltr'><strong>sunt</strong></span> <span class='ocrx_word' id='word_1_126' title='bbox 460 1061 558 1098; x_wconf 90' lang='lat' dir='ltr'><strong>Idib.</strong></span> <span class='ocrx_word' id='word_1_127' title='bbox 583 1062 693 1097; x_wconf 88' lang='lat' dir='ltr'><strong>Mart.</strong></span> <span class='ocrx_word' id='word_1_128' title='bbox 718 1059 944 1108; x_wconf 89' lang='lat' dir='ltr'><strong>Pompeium</strong></span> <span class='ocrx_word' id='word_1_129' title='bbox 967 1073 990 1096; x_wconf 88' lang='lat' dir='ltr'><strong>a</strong></span> <span class='ocrx_word' id='word_1_130' title='bbox 1014 1059 1218 1096; x_wconf 85' lang='lat' dir='ltr'><strong>Brundisio</strong></span> <span class='ocrx_word' id='word_1_131' title='bbox 1245 1072 1425 1096; x_wconf 90' lang='lat' dir='ltr'><strong>conscen-</strong></span> 
     </span>
     <span class='ocr_line' id='line_1_16' title="bbox 86 1123 1279 1172; baseline -0.003 -10"><span class='ocrx_word' id='word_1_132' title='bbox 86 1135 122 1166; x_wconf 85' lang='lat'><strong>15</strong></span> <span class='ocrx_word' id='word_1_133' title='bbox 143 1124 254 1170; x_wconf 85' lang='lat' dir='ltr'><strong>disse,</strong></span> <span class='ocrx_word' id='word_1_134' title='bbox 276 1131 314 1161; x_wconf 88' lang='lat' dir='ltr'><strong>at</strong></span> <span class='ocrx_word' id='word_1_135' title='bbox 334 1125 535 1163; x_wconf 86' lang='lat' dir='ltr'><strong>Caesarem</strong></span> <span class='ocrx_word' id='word_1_136' title='bbox 556 1137 587 1161; x_wconf 86' lang='lat' dir='ltr'><strong>a.</strong></span> <span class='ocrx_word' id='word_1_137' title='bbox 610 1125 645 1161; x_wconf 91' lang='lat' dir='ltr'><strong>d.</strong></span> <span class='ocrx_word' id='word_1_138' title='bbox 669 1135 724 1160; x_wconf 89' lang='lat' dir='ltr'><strong>V11</strong></span> <span class='ocrx_word' id='word_1_139' title='bbox 746 1125 832 1160; x_wconf 88' lang='lat' dir='ltr'><strong>Kal.</strong></span> <span class='ocrx_word' id='word_1_140' title='bbox 854 1123 994 1172; x_wconf 87' lang='lat' dir='ltr'><strong>Aprilis</strong></span> <span class='ocrx_word' id='word_1_141' title='bbox 1015 1124 1171 1172; x_wconf 89' lang='lat' dir='ltr'><strong>Capuae</strong></span> <span class='ocrx_word' id='word_1_142' title='bbox 1190 1124 1279 1160; x_wconf 88' lang='lat' dir='ltr'><strong>fore.</strong></span> 
     </span>
    </p>
   </div>
   <div class='ocr_carea' id='block_1_3' title="bbox 184 1282 1165 1401">
    <p class='ocr_par' dir='ltr' id='par_1_3' title="bbox 184 1282 1165 1401">
     <span class='ocr_line' id='line_1_17' title="bbox 184 1282 1165 1325; baseline -0.001 -9"><span class='ocrx_word' id='word_1_143' title='bbox 184 1282 266 1315; x_wconf 88' lang='lat' dir='ltr'><strong>XV</strong></span> <span class='ocrx_word' id='word_1_144' title='bbox 413 1285 481 1316; x_wconf 76' lang='lat' dir='ltr'><strong>Ser.</strong></span> <span class='ocrx_word' id='word_1_145' title='bbox 501 1286 532 1315; x_wconf 80' lang='lat' dir='ltr'><strong>in</strong></span> <span class='ocrx_word' id='word_1_146' title='bbox 549 1285 721 1315; x_wconf 78' lang='lat' dir='ltr'><strong>Formiano</strong></span> <span class='ocrx_word' id='word_1_147' title='bbox 737 1285 794 1315; x_wconf 82' lang='lat' dir='ltr'><strong>viii</strong></span> <span class='ocrx_word' id='word_1_148' title='bbox 804 1284 846 1315; x_wconf 89' lang='lat' dir='ltr'><strong>K.</strong></span> <span class='ocrx_word' id='word_1_149' title='bbox 865 1284 897 1314; x_wconf 86' lang='lat' dir='ltr'><em>A</em></span> <span class='ocrx_word' id='word_1_150' title='bbox 898 1290 947 1325; x_wconf 80' lang='lat' dir='ltr'><strong>pr.</strong></span> <span class='ocrx_word' id='word_1_151' title='bbox 967 1295 997 1315; x_wconf 84' lang='lat' dir='ltr'><strong>a.</strong></span> <span class='ocrx_word' id='word_1_152' title='bbox 1017 1295 1069 1323; x_wconf 76' lang='lat'><strong>7⁰5</strong></span> <span class='ocrx_word' id='word_1_153' title='bbox 1083 1285 1165 1324; x_wconf 77' lang='lat'><em>(49).</em></span> 
     </span>
     <span class='ocr_line' id='line_1_18' title="bbox 538 1370 1028 1401; baseline 0 0"><span class='ocrx_word' id='word_1_154' title='bbox 538 1370 706 1401; x_wconf 83' lang='lat' dir='ltr'><strong>CICERO</strong></span> <span class='ocrx_word' id='word_1_155' title='bbox 727 1370 902 1401; x_wconf 86' lang='lat' dir='ltr'><em>ATTICO</em></span> <span class='ocrx_word' id='word_1_156' title='bbox 924 1370 1028 1401; x_wconf 80' lang='lat' dir='ltr'><em>SAL.</em></span> 
     </span>
    </p>
   </div>
   <div class='ocr_carea' id='block_1_4' title="bbox 85 1447 1461 1939">
    <p class='ocr_par' dir='ltr' id='par_1_4' title="bbox 85 1447 1461 1939">
     <span class='ocr_line' id='line_1_19' title="bbox 194 1447 1461 1496; baseline -0.002 -10"><span class='ocrx_word' id='word_1_157' title='bbox 194 1449 295 1487; x_wconf 89' lang='lat' dir='ltr'><strong>Cum</strong></span> <span class='ocrx_word' id='word_1_158' title='bbox 323 1448 515 1486; x_wconf 82' lang='lat' dir='ltr'><strong>dedissem</strong></span> <span class='ocrx_word' id='word_1_159' title='bbox 541 1449 590 1486; x_wconf 85' lang='lat' dir='ltr'><strong>ad</strong></span> <span class='ocrx_word' id='word_1_160' title='bbox 617 1456 653 1485; x_wconf 89' lang='lat' dir='ltr'><strong>te</strong></span> <span class='ocrx_word' id='word_1_161' title='bbox 679 1448 819 1486; x_wconf 89' lang='lat' dir='ltr'><strong>litteras</strong></span> <span class='ocrx_word' id='word_1_162' title='bbox 840 1455 880 1485; x_wconf 91' lang='lat' dir='ltr'><strong>ut</strong></span> <span class='ocrx_word' id='word_1_163' title='bbox 900 1447 1013 1485; x_wconf 83' lang='lat' dir='ltr'><strong>scires</strong></span> <span class='ocrx_word' id='word_1_164' title='bbox 1038 1448 1240 1486; x_wconf 88' lang='lat' dir='ltr'><strong>Caesarem</strong></span> <span class='ocrx_word' id='word_1_165' title='bbox 1270 1448 1426 1496; x_wconf 88' lang='lat' dir='ltr'><strong>Capuae</strong></span> <span class='ocrx_word' id='word_1_166' title='bbox 1443 1457 1461 1484; x_wconf 91' lang='lat'>1</span> 
     </span>
     <span class='ocr_line' id='line_1_20' title="bbox 142 1510 1426 1560; baseline 0 -13"><span class='ocrx_word' id='word_1_167' title='bbox 142 1523 197 1548; x_wconf 83' lang='lat' dir='ltr'><strong>vn</strong></span> <span class='ocrx_word' id='word_1_168' title='bbox 230 1512 315 1548; x_wconf 90' lang='lat' dir='ltr'><strong>Kal.</strong></span> <span class='ocrx_word' id='word_1_169' title='bbox 338 1513 427 1557; x_wconf 86' lang='lat' dir='ltr'><strong>fore,</strong></span> <span class='ocrx_word' id='word_1_170' title='bbox 449 1513 597 1549; x_wconf 89' lang='lat' dir='ltr'><strong>adlatae</strong></span> <span class='ocrx_word' id='word_1_171' title='bbox 618 1511 711 1548; x_wconf 90' lang='lat' dir='ltr'><strong>mihi</strong></span> <span class='ocrx_word' id='word_1_172' title='bbox 732 1513 864 1560; x_wconf 87' lang='lat' dir='ltr'><strong>Capua</strong></span> <span class='ocrx_word' id='word_1_173' title='bbox 885 1518 971 1548; x_wconf 89' lang='lat' dir='ltr'><strong>sunt</strong></span> <span class='ocrx_word' id='word_1_174' title='bbox 997 1515 1058 1549; x_wconf 90' lang='lat' dir='ltr'><strong>†et</strong></span> <span class='ocrx_word' id='word_1_175' title='bbox 1081 1511 1155 1548; x_wconf 85' lang='lat' dir='ltr'><strong>hoc</strong></span> <span class='ocrx_word' id='word_1_176' title='bbox 1182 1510 1274 1547; x_wconf 89' lang='lat' dir='ltr'><strong>mihi</strong></span> <span class='ocrx_word' id='word_1_177' title='bbox 1301 1515 1361 1551; x_wconf 92' lang='lat' dir='ltr'><strong>et†</strong></span> <span class='ocrx_word' id='word_1_178' title='bbox 1388 1510 1426 1548; x_wconf 90' lang='lat' dir='ltr'><strong>in</strong></span> 
     </span>
     <span class='ocr_line' id='line_1_21' title="bbox 86 1573 1428 1623; baseline -0.002 -10"><span class='ocrx_word' id='word_1_179' title='bbox 86 1591 125 1613; x_wconf 88' lang='lat'><strong>20</strong></span> <span class='ocrx_word' id='word_1_180' title='bbox 143 1575 296 1612; x_wconf 90' lang='lat' dir='ltr'><strong>Albano</strong></span> <span class='ocrx_word' id='word_1_181' title='bbox 324 1575 427 1623; x_wconf 91' lang='lat' dir='ltr'><strong>apud</strong></span> <span class='ocrx_word' id='word_1_182' title='bbox 456 1574 664 1613; x_wconf 87' lang='lat' dir='ltr'><strong>Curionem</strong></span> <span class='ocrx_word' id='word_1_183' title='bbox 692 1586 715 1610; x_wconf 93' lang='lat' dir='ltr'>v</span> <span class='ocrx_word' id='word_1_184' title='bbox 744 1576 792 1611; x_wconf 91' lang='lat' dir='ltr'><strong>K.</strong></span> <span class='ocrx_word' id='word_1_185' title='bbox 815 1575 903 1611; x_wconf 91' lang='lat' dir='ltr'><strong>fore.</strong></span> <span class='ocrx_word' id='word_1_186' title='bbox 962 1575 1061 1610; x_wconf 90' lang='lat' dir='ltr'><strong>Eum</strong></span> <span class='ocrx_word' id='word_1_187' title='bbox 1091 1587 1179 1610; x_wconf 91' lang='lat' dir='ltr'><strong>cum</strong></span> <span class='ocrx_word' id='word_1_188' title='bbox 1198 1573 1342 1620; x_wconf 86' lang='lat' dir='ltr'><strong>videro,</strong></span> <span class='ocrx_word' id='word_1_189' title='bbox 1361 1575 1428 1610; x_wconf 92' lang='lat' dir='ltr'><strong>Ar-</strong></span> 
     </span>
     <span class='ocr_line' id='line_1_22' title="bbox 142 1636 1428 1687; baseline -0.001 -13"><span class='ocrx_word' id='word_1_190' title='bbox 142 1637 276 1687; x_wconf 90' lang='lat' dir='ltr'><strong>pinum</strong></span> <span class='ocrx_word' id='word_1_191' title='bbox 307 1651 470 1687; x_wconf 83' lang='lat' dir='ltr'><strong>pergam.</strong></span> <span class='ocrx_word' id='word_1_192' title='bbox 529 1637 567 1675; x_wconf 90' lang='lat' dir='ltr'><strong>Si</strong></span> <span class='ocrx_word' id='word_1_193' title='bbox 597 1637 690 1674; x_wconf 90' lang='lat' dir='ltr'><strong>mihi</strong></span> <span class='ocrx_word' id='word_1_194' title='bbox 720 1637 870 1674; x_wconf 89' lang='lat' dir='ltr'><strong>veniam</strong></span> <span class='ocrx_word' id='word_1_195' title='bbox 904 1649 1019 1685; x_wconf 89' lang='lat' dir='ltr'><strong>quam</strong></span> <span class='ocrx_word' id='word_1_196' title='bbox 1048 1644 1137 1685; x_wconf 92' lang='lat' dir='ltr'><strong>peto</strong></span> <span class='ocrx_word' id='word_1_197' title='bbox 1166 1636 1323 1682; x_wconf 85' lang='lat' dir='ltr'><strong>dederit,</strong></span> <span class='ocrx_word' id='word_1_198' title='bbox 1346 1643 1428 1673; x_wconf 91' lang='lat' dir='ltr'><strong>utar</strong></span> 
     </span>
     <span class='ocr_line' id='line_1_23' title="bbox 142 1699 1424 1749; baseline -0.002 -11"><span class='ocrx_word' id='word_1_199' title='bbox 142 1700 241 1738; x_wconf 88' lang='lat' dir='ltr'><strong>illius</strong></span> <span class='ocrx_word' id='word_1_200' title='bbox 270 1700 522 1747; x_wconf 68' lang='lat' dir='ltr'><strong>condicione,</strong></span> <span class='ocrx_word' id='word_1_201' title='bbox 551 1700 580 1737; x_wconf 88' lang='lat' dir='ltr'><strong>si</strong></span> <span class='ocrx_word' id='word_1_202' title='bbox 611 1700 747 1746; x_wconf 90' lang='lat' dir='ltr'><strong>minus,</strong></span> <span class='ocrx_word' id='word_1_203' title='bbox 778 1700 992 1749; x_wconf 87' lang='lat' dir='ltr'><strong>impetrabo</strong></span> <span class='ocrx_word' id='word_1_204' title='bbox 1019 1699 1163 1748; x_wconf 84' lang='lat' dir='ltr'><strong>aliquid</strong></span> <span class='ocrx_word' id='word_1_205' title='bbox 1191 1712 1213 1736; x_wconf 91' lang='lat' dir='ltr'><strong>a</strong></span> <span class='ocrx_word' id='word_1_206' title='bbox 1241 1712 1302 1737; x_wconf 87' lang='lat' dir='ltr'><strong>me</strong></span> <span class='ocrx_word' id='word_1_207' title='bbox 1331 1699 1424 1747; x_wconf 90' lang='lat' dir='ltr'><strong>ipso.</strong></span> 
     </span>
     <span class='ocr_line' id='line_1_24' title="bbox 144 1762 1425 1812; baseline -0.002 -11"><span class='ocrx_word' id='word_1_208' title='bbox 144 1765 224 1810; x_wconf 89' lang='lat' dir='ltr'><strong>Ille,</strong></span> <span class='ocrx_word' id='word_1_209' title='bbox 256 1771 297 1801; x_wconf 90' lang='lat' dir='ltr'><strong>ut</strong></span> <span class='ocrx_word' id='word_1_210' title='bbox 324 1765 374 1801; x_wconf 87' lang='lat' dir='ltr'><strong>ad</strong></span> <span class='ocrx_word' id='word_1_211' title='bbox 404 1777 465 1801; x_wconf 88' lang='lat' dir='ltr'><strong>me</strong></span> <span class='ocrx_word' id='word_1_212' title='bbox 498 1763 655 1812; x_wconf 88' lang='lat' dir='ltr'><strong>scripsit,</strong></span> <span class='ocrx_word' id='word_1_213' title='bbox 687 1763 855 1812; x_wconf 86' lang='lat' dir='ltr'><strong>legiones</strong></span> <span class='ocrx_word' id='word_1_214' title='bbox 886 1762 1051 1811; x_wconf 84' lang='lat' dir='ltr'><strong>singulas</strong></span> <span class='ocrx_word' id='word_1_215' title='bbox 1080 1762 1206 1811; x_wconf 88' lang='lat' dir='ltr'><strong>posuit</strong></span> <span class='ocrx_word' id='word_1_216' title='bbox 1236 1762 1425 1808; x_wconf 87' lang='lat' dir='ltr'><strong>Brundisi,</strong></span> 
     </span>
     <span class='ocr_line' id='line_1_25' title="bbox 144 1825 1427 1875; baseline -0.002 -11"><span class='ocrx_word' id='word_1_217' title='bbox 144 1827 310 1873; x_wconf 88' lang='lat' dir='ltr'><strong>Tarenti,</strong></span> <span class='ocrx_word' id='word_1_218' title='bbox 332 1826 490 1875; x_wconf 91' lang='lat' dir='ltr'><strong>Siponti.</strong></span> <span class='ocrx_word' id='word_1_219' title='bbox 549 1827 737 1865; x_wconf 89' lang='lat' dir='ltr'><strong>Claudere</strong></span> <span class='ocrx_word' id='word_1_220' title='bbox 769 1826 861 1863; x_wconf 89' lang='lat' dir='ltr'><strong>mihi</strong></span> <span class='ocrx_word' id='word_1_221' title='bbox 893 1825 1041 1863; x_wconf 89' lang='lat' dir='ltr'><strong>videtur</strong></span> <span class='ocrx_word' id='word_1_222' title='bbox 1071 1825 1278 1863; x_wconf 88' lang='lat' dir='ltr'><strong>maritimos</strong></span> <span class='ocrx_word' id='word_1_223' title='bbox 1307 1825 1427 1863; x_wconf 87' lang='lat' dir='ltr'><strong>exitus</strong></span> 
     </span>
     <span class='ocr_line' id='line_1_26' title="bbox 85 1888 1425 1939; baseline -0.002 -11"><span class='ocrx_word' id='word_1_224' title='bbox 85 1901 124 1933; x_wconf 84' lang='lat'><strong>25</strong></span> <span class='ocrx_word' id='word_1_225' title='bbox 144 1898 181 1928; x_wconf 91' lang='lat' dir='ltr'><strong>et</strong></span> <span class='ocrx_word' id='word_1_226' title='bbox 208 1897 336 1928; x_wconf 88' lang='lat' dir='ltr'><strong>tamen</strong></span> <span class='ocrx_word' id='word_1_227' title='bbox 365 1890 445 1939; x_wconf 90' lang='lat' dir='ltr'><strong>ipse</strong></span> <span class='ocrx_word' id='word_1_228' title='bbox 475 1889 674 1928; x_wconf 88' lang='lat' dir='ltr'><strong>Graeciam</strong></span> <span class='ocrx_word' id='word_1_229' title='bbox 704 1897 873 1938; x_wconf 89' lang='lat' dir='ltr'><strong>spectare</strong></span> <span class='ocrx_word' id='word_1_230' title='bbox 903 1889 1029 1938; x_wconf 87' lang='lat' dir='ltr'><strong>potius</strong></span> <span class='ocrx_word' id='word_1_231' title='bbox 1063 1902 1176 1937; x_wconf 84' lang='lat' dir='ltr'><strong>quam</strong></span> <span class='ocrx_word' id='word_1_232' title='bbox 1207 1888 1425 1938; x_wconf 85' lang='lat' dir='ltr'><strong>Hispanias.</strong></span> 
     </span>
    </p>
   </div>
   <div class='ocr_carea' id='block_1_5' title="bbox 140 1989 1430 2368">
    <p class='ocr_par' dir='ltr' id='par_1_5' title="bbox 140 1989 1430 2368">
     <span class='ocr_line' id='line_1_27' title="bbox 185 1989 1430 2031; baseline 0.001 -11"><span class='ocrx_word' id='word_1_233' title='bbox 185 2001 205 2029; x_wconf 86' lang='lat'><strong>3</strong></span> <span class='ocrx_word' id='word_1_234' title='bbox 227 1990 370 2026; x_wconf 83' lang='lat' dir='ltr'><strong>fecisset,</strong></span> <span class='ocrx_word' id='word_1_235' title='bbox 387 2001 405 2020; x_wconf 92' lang='lat' dir='ltr'><strong>a</strong></span> <span class='ocrx_word' id='word_1_236' title='bbox 429 2000 464 2020; x_wconf 90' lang='lat' dir='ltr'><strong>se</strong></span> <span class='ocrx_word' id='word_1_237' title='bbox 488 1990 554 2020; x_wconf 88' lang='lat' dir='ltr'><strong>dari</strong></span> <span class='ocrx_word' id='word_1_238' title='bbox 580 1990 773 2019; x_wconf 87' lang='lat' dir='ltr'><strong>reditionem</strong></span> <span class='ocrx_word' id='word_1_239' title='bbox 792 1989 947 2028; x_wconf 77' lang='lat' dir='ltr'><strong>Madvig:</strong></span> <span class='ocrx_word' id='word_1_240' title='bbox 979 1990 1110 2019; x_wconf 81' lang='lat' dir='ltr'><strong>fecisset</strong></span> <span class='ocrx_word' id='word_1_241' title='bbox 1128 2001 1134 2019; x_wconf 88' lang='lat'>:</span> <span class='ocrx_word' id='word_1_242' title='bbox 1165 2000 1200 2019; x_wconf 87' lang='lat' dir='ltr'><strong>se</strong></span> <span class='ocrx_word' id='word_1_243' title='bbox 1224 1991 1347 2020; x_wconf 81' lang='lat' dir='ltr'><strong>accisse</strong></span> <span class='ocrx_word' id='word_1_244' title='bbox 1366 1990 1430 2031; x_wconf 81' lang='lat' dir='ltr'><strong>(vel</strong></span> 
     </span>
     <span class='ocr_line' id='line_1_28' title="bbox 142 2032 1425 2070; baseline 0 -7"><span class='ocrx_word' id='word_1_245' title='bbox 142 2033 264 2070; x_wconf 76' lang='lat' dir='ltr'><strong>accire)</strong></span> <span class='ocrx_word' id='word_1_246' title='bbox 281 2033 320 2062; x_wconf 86' lang='lat' dir='ltr'><strong>ad</strong></span> <span class='ocrx_word' id='word_1_247' title='bbox 337 2033 544 2062; x_wconf 86' lang='lat' dir='ltr'><strong>ambitionem</strong></span> <span class='ocrx_word' id='word_1_248' title='bbox 563 2032 730 2062; x_wconf 76' lang='lat' dir='ltr'><strong>Schmidt:</strong></span> <span class='ocrx_word' id='word_1_249' title='bbox 752 2032 832 2069; x_wconf 80' lang='lat' dir='ltr'><strong>sort.</strong></span> <span class='ocrx_word' id='word_1_250' title='bbox 851 2032 1001 2067; x_wconf 86' lang='lat' dir='ltr'><strong>fecisset;</strong></span> <span class='ocrx_word' id='word_1_251' title='bbox 1030 2041 1065 2062; x_wconf 86' lang='lat' dir='ltr'><strong>se</strong></span> <span class='ocrx_word' id='word_1_252' title='bbox 1085 2032 1208 2061; x_wconf 89' lang='lat' dir='ltr'><strong>ambire</strong></span> <span class='ocrx_word' id='word_1_253' title='bbox 1232 2033 1425 2063; x_wconf 87' lang='lat' dir='ltr'><strong>reditionem</strong></span> 
     </span>
     <span class='ocr_line' id='line_1_29' title="bbox 142 2073 1426 2114; baseline 0.002 -10"><span class='ocrx_word' id='word_1_254' title='bbox 142 2076 162 2104; x_wconf 91' lang='lat'>8</span> <span class='ocrx_word' id='word_1_255' title='bbox 185 2076 256 2114; x_wconf 89' lang='lat' dir='ltr'><strong>quis</strong></span> <span class='ocrx_word' id='word_1_256' title='bbox 273 2075 329 2104; x_wconf 93' lang='lat' dir='ltr'><strong>ulli</strong></span> <span class='ocrx_word' id='word_1_257' title='bbox 345 2075 399 2106; x_wconf 89' lang='lat' dir='ltr'><strong>M:</strong></span> <span class='ocrx_word' id='word_1_258' title='bbox 431 2075 504 2113; x_wconf 84' lang='lat' dir='ltr'><strong>quis</strong></span> <span class='ocrx_word' id='word_1_259' title='bbox 520 2074 566 2104; x_wconf 91' lang='lat' dir='ltr'><strong>illi</strong></span> <span class='ocrx_word' id='word_1_260' title='bbox 584 2074 632 2104; x_wconf 92' lang='lat' dir='ltr'><strong>Z:</strong></span> <span class='ocrx_word' id='word_1_261' title='bbox 665 2075 719 2112; x_wconf 90' lang='lat' dir='ltr'><strong>qui</strong></span> <span class='ocrx_word' id='word_1_262' title='bbox 739 2074 818 2103; x_wconf 89' lang='lat' dir='ltr'><strong>nulli</strong></span> <span class='ocrx_word' id='word_1_263' title='bbox 837 2074 868 2104; x_wconf 89' lang='lat' dir='ltr'><strong>C.</strong></span> <span class='ocrx_word' id='word_1_264' title='bbox 888 2074 923 2104; x_wconf 88' lang='lat' dir='ltr'><strong>F.</strong></span> <span class='ocrx_word' id='word_1_265' title='bbox 943 2073 1115 2103; x_wconf 72' lang='grc' dir='ltr'><em>Ηενιιιαιυι</em></span> <span class='ocrx_word' id='word_1_266' title='bbox 1133 2085 1139 2103; x_wconf 92' lang='lat'>:</span> <span class='ocrx_word' id='word_1_267' title='bbox 1162 2075 1216 2111; x_wconf 90' lang='lat' dir='ltr'><strong>qui</strong></span> <span class='ocrx_word' id='word_1_268' title='bbox 1234 2075 1273 2104; x_wconf 90' lang='lat' dir='ltr'><strong>de</strong></span> <span class='ocrx_word' id='word_1_269' title='bbox 1291 2085 1348 2104; x_wconf 91' lang='lat' dir='ltr'><strong>suo</strong></span> <span class='ocrx_word' id='word_1_270' title='bbox 1372 2075 1426 2106; x_wconf 85' lang='lat' dir='ltr'><strong>illa</strong></span> 
     </span>
     <span class='ocr_line' id='line_1_30' title="bbox 147 2115 1426 2157; baseline 0.002 -11"><span class='ocrx_word' id='word_1_271' title='bbox 147 2117 264 2156; x_wconf 74' lang='lat' dir='ltr'><strong>Tyrrell</strong></span> <span class='ocrx_word' id='word_1_272' title='bbox 416 2128 453 2147; x_wconf 91' lang='lat'><strong>10</strong></span> <span class='ocrx_word' id='word_1_273' title='bbox 476 2117 619 2146; x_wconf 87' lang='lat' dir='ltr'><strong>Anteros</strong></span> <span class='ocrx_word' id='word_1_274' title='bbox 634 2116 752 2146; x_wconf 80' lang='lat' dir='ltr'><strong>Rosius</strong></span> <span class='ocrx_word' id='word_1_275' title='bbox 767 2128 773 2145; x_wconf 88' lang='lat'><strong>:</strong></span> <span class='ocrx_word' id='word_1_276' title='bbox 799 2121 875 2146; x_wconf 83' lang='lat' dir='ltr'><strong>ante</strong></span> <span class='ocrx_word' id='word_1_277' title='bbox 893 2117 964 2154; x_wconf 82' lang='lat' dir='ltr'><strong>pios</strong></span> <span class='ocrx_word' id='word_1_278' title='bbox 981 2115 1037 2145; x_wconf 92' lang='lat' dir='ltr'><strong>M:</strong></span> <span class='ocrx_word' id='word_1_279' title='bbox 1062 2123 1138 2146; x_wconf 86' lang='lat' dir='ltr'><strong>ante</strong></span> <span class='ocrx_word' id='word_1_280' title='bbox 1155 2117 1225 2146; x_wconf 89' lang='lat' dir='ltr'><strong>dies</strong></span> <span class='ocrx_word' id='word_1_281' title='bbox 1243 2116 1426 2157; x_wconf 57' lang='lat' dir='ltr'><strong>Malaspzbza</strong></span> 
     </span>
     <span class='ocr_line' id='line_1_31' title="bbox 141 2157 1426 2198; baseline 0.001 -9"><span class='ocrx_word' id='word_1_282' title='bbox 141 2160 272 2198; x_wconf 90' lang='lat' dir='ltr'><strong>quidem</strong></span> <span class='ocrx_word' id='word_1_283' title='bbox 299 2158 425 2189; x_wconf 78' lang='lat' dir='ltr'><strong>Baiter:</strong></span> <span class='ocrx_word' id='word_1_284' title='bbox 464 2159 596 2197; x_wconf 85' lang='lat' dir='ltr'><strong>quidem</strong></span> <span class='ocrx_word' id='word_1_285' title='bbox 629 2159 707 2196; x_wconf 82' lang='lat' dir='ltr'><strong>quin</strong></span> <span class='ocrx_word' id='word_1_286' title='bbox 746 2163 779 2188; x_wconf 89' lang='lat' dir='ltr'><strong>te</strong></span> <span class='ocrx_word' id='word_1_287' title='bbox 810 2157 870 2188; x_wconf 84' lang='lat' dir='ltr'><strong>M:</strong></span> <span class='ocrx_word' id='word_1_288' title='bbox 906 2159 1037 2196; x_wconf 87' lang='lat' dir='ltr'><strong>quidem</strong></span> <span class='ocrx_word' id='word_1_289' title='bbox 1067 2159 1212 2197; x_wconf 85' lang='lat' dir='ltr'><strong>quinque</strong></span> <span class='ocrx_word' id='word_1_290' title='bbox 1239 2159 1426 2198; x_wconf 83' lang='lat' dir='ltr'><strong>Malaspina</strong></span> 
     </span>
     <span class='ocr_line' id='line_1_32' title="bbox 144 2201 1426 2239; baseline 0.002 -9"><span class='ocrx_word' id='word_1_291' title='bbox 144 2210 180 2239; x_wconf 91' lang='lat'><strong>15</strong></span> <span class='ocrx_word' id='word_1_292' title='bbox 203 2206 235 2232; x_wconf 82' lang='lat' dir='ltr'><strong>at</strong></span> <span class='ocrx_word' id='word_1_293' title='bbox 251 2201 340 2231; x_wconf 71' lang='lat' dir='ltr'><strong>M212</strong></span> <span class='ocrx_word' id='word_1_294' title='bbox 368 2202 406 2231; x_wconf 85' lang='lat' dir='ltr'><strong>ad</strong></span> <span class='ocrx_word' id='word_1_295' title='bbox 424 2201 496 2231; x_wconf 84' lang='lat' dir='ltr'><strong>M¹:</strong></span> <span class='ocrx_word' id='word_1_296' title='bbox 523 2211 559 2231; x_wconf 89' lang='lat' dir='ltr'><strong>ac</strong></span> <span class='ocrx_word' id='word_1_297' title='bbox 576 2201 674 2230; x_wconf 82' lang='lat' dir='ltr'><strong>Rom.</strong></span> <span class='ocrx_word' id='word_1_298' title='bbox 827 2210 864 2238; x_wconf 92' lang='lat'><strong>19</strong></span> <span class='ocrx_word' id='word_1_299' title='bbox 887 2206 964 2230; x_wconf 87' lang='lat' dir='ltr'><strong>sunt</strong></span> <span class='ocrx_word' id='word_1_300' title='bbox 988 2203 1041 2235; x_wconf 62' lang='lat' dir='ltr'><strong>(sc.</strong></span> <span class='ocrx_word' id='word_1_301' title='bbox 1064 2201 1191 2238; x_wconf 75' lang='lat' dir='ltr'><strong>litterae)</strong></span> <span class='ocrx_word' id='word_1_302' title='bbox 1217 2211 1290 2231; x_wconf 90' lang='lat' dir='ltr'><strong>eum</strong></span> <span class='ocrx_word' id='word_1_303' title='bbox 1314 2202 1367 2231; x_wconf 89' lang='lat' dir='ltr'><strong>hic</strong></span> <span class='ocrx_word' id='word_1_304' title='bbox 1389 2211 1426 2232; x_wconf 82' lang='lat' dir='ltr'><strong>V1</strong></span> 
     </span>
     <span class='ocr_line' id='line_1_33' title="bbox 143 2243 1426 2281; baseline 0.001 -8"><span class='ocrx_word' id='word_1_305' title='bbox 143 2243 215 2274; x_wconf 79' lang='lat' dir='ltr'><strong>Kal.</strong></span> <span class='ocrx_word' id='word_1_306' title='bbox 240 2248 273 2274; x_wconf 88' lang='lat' dir='ltr'><strong>et</strong></span> <span class='ocrx_word' id='word_1_307' title='bbox 296 2244 328 2274; x_wconf 89' lang='lat' dir='ltr'><strong>in</strong></span> <span class='ocrx_word' id='word_1_308' title='bbox 352 2243 518 2274; x_wconf 83' lang='lat' dir='ltr'><strong>Schmidt:</strong></span> <span class='ocrx_word' id='word_1_309' title='bbox 547 2248 624 2273; x_wconf 85' lang='lat' dir='ltr'><strong>sunt</strong></span> <span class='ocrx_word' id='word_1_310' title='bbox 646 2243 774 2273; x_wconf 87' lang='lat' dir='ltr'><strong>litterae</strong></span> <span class='ocrx_word' id='word_1_311' title='bbox 801 2253 874 2272; x_wconf 87' lang='lat' dir='ltr'><strong>eum</strong></span> <span class='ocrx_word' id='word_1_312' title='bbox 900 2244 933 2272; x_wconf 90' lang='lat' dir='ltr'><strong>in</strong></span> <span class='ocrx_word' id='word_1_313' title='bbox 952 2243 973 2272; x_wconf 95' lang='lat' dir='ltr'><em>I</em></span> <span class='ocrx_word' id='word_1_314' title='bbox 991 2243 1185 2273; x_wconf 74' lang='lat' dir='ltr'><strong>Ascensius:</strong></span> <span class='ocrx_word' id='word_1_315' title='bbox 1219 2248 1350 2281; x_wconf 78' lang='lat' dir='ltr'><strong>suntet</strong></span> <span class='ocrx_word' id='word_1_316' title='bbox 1374 2244 1426 2275; x_wconf 87' lang='lat' dir='ltr'><strong>hic</strong></span> 
     </span>
     <span class='ocr_line' id='line_1_34' title="bbox 140 2285 1429 2326; baseline 0 -10"><span class='ocrx_word' id='word_1_317' title='bbox 140 2287 264 2324; x_wconf 77' lang='lat' dir='ltr'><strong>copiam</strong></span> <span class='ocrx_word' id='word_1_318' title='bbox 282 2286 357 2315; x_wconf 88' lang='lat' dir='ltr'><strong>mihi</strong></span> <span class='ocrx_word' id='word_1_319' title='bbox 377 2291 408 2315; x_wconf 87' lang='lat' dir='ltr'><strong>et</strong></span> <span class='ocrx_word' id='word_1_320' title='bbox 426 2286 457 2315; x_wconf 86' lang='lat' dir='ltr'><strong>in</strong></span> <span class='ocrx_word' id='word_1_321' title='bbox 476 2285 612 2326; x_wconf 65' lang='lat' dir='ltr'><strong>Madvzg</strong></span> <span class='ocrx_word' id='word_1_322' title='bbox 742 2295 782 2323; x_wconf 86' lang='lat'><strong>23</strong></span> <span class='ocrx_word' id='word_1_323' title='bbox 799 2289 872 2324; x_wconf 83' lang='lat' dir='ltr'><strong>post</strong></span> <span class='ocrx_word' id='word_1_324' title='bbox 886 2285 1019 2324; x_wconf 84' lang='lat' dir='ltr'><strong>scripsit</strong></span> <span class='ocrx_word' id='word_1_325' title='bbox 1034 2285 1166 2315; x_wconf 82' lang='lat' dir='ltr'><strong>addend.</strong></span> <span class='ocrx_word' id='word_1_326' title='bbox 1185 2285 1222 2323; x_wconf 87' lang='lat' dir='ltr'><strong>Q.</strong></span> <span class='ocrx_word' id='word_1_327' title='bbox 1244 2286 1365 2316; x_wconf 86' lang='lat' dir='ltr'><strong>Pedius</strong></span> <span class='ocrx_word' id='word_1_328' title='bbox 1381 2287 1429 2317; x_wconf 82' lang='lat' dir='ltr'><strong>vel</strong></span> 
     </span>
     <span class='ocr_line' id='line_1_35' title="bbox 142 2328 1407 2368; baseline -0.002 -10"><span class='ocrx_word' id='word_1_329' title='bbox 142 2328 244 2367; x_wconf 80' lang='lat' dir='ltr'><strong>Lepta</strong></span> <span class='ocrx_word' id='word_1_330' title='bbox 255 2332 349 2368; x_wconf 77' lang='lat' dir='ltr'><strong>putat</strong></span> <span class='ocrx_word' id='word_1_331' title='bbox 364 2328 478 2357; x_wconf 82' lang='lat' dir='ltr'><strong>Ziel1en</strong></span> <span class='ocrx_word' id='word_1_332' title='bbox 1404 2355 1407 2356; x_wconf 16' lang='grc' dir='ltr'><em>γ</em></span> 
     </span>
    </p>
   </div>
  </div>
 </body>
</html>
