1690 2710
537 124 645 160 EPP.
677 123 754 159 AD
784 122 1035 160 ATTICVM
1346 123 1429 159 XV.
1453 122 1543 160 xvii

143 232 261 282 ipsius
280 232 425 271 litterae
453 231 507 270 sic
534 237 572 268 et
599 231 852 282 φιλοστόργως
877 237 915 268 et
943 232 1089 270 εὐπινῶς
1114 229 1274 280 scriptae
1302 238 1343 268 ut
1369 243 1432 268 eas

143 298 202 334 vel
221 295 260 333 in
279 295 423 333 acroasi
445 296 610 332 audeam
638 295 770 343 legere.
829 295 919 341 Quo
943 294 1061 343 magis
1081 294 1134 331 illi
1153 294 1430 343 indulgendum

143 366 247 408 puto.
306 361 365 395 De
386 357 585 395 Buciliano
605 356 770 395 Sestium
790 364 884 406 puto
904 370 982 394 non
1003 358 1162 394 moleste
1182 358 1285 394 ferre.
1337 359 1430 405 Ego,

144 421 175 458 si
197 421 289 458 Tiro
315 422 366 458 ad
394 434 465 466 me,
494 420 620 468 cogito
648 419 688 456 in
708 421 981 457 Tusculanum.
1039 421 1100 457 Tu
1126 433 1225 466 vero,
1248 419 1432 468 quicquid

106 495 124 528 5
144 483 213 523 erit
231 484 337 533 quod
356 496 418 522 me
437 482 531 521 scire
549 496 617 532 par
636 482 693 529 sit,
715 482 852 520 statim.

185 609 341 645 XVIII
386 611 451 642 Ser.
471 611 504 641 in
519 611 625 641 itinere
639 621 677 640 ex
690 610 722 639 A
728 611 824 691 nliatg'
835 611 868 640 in
890 611 1111 641 Tusculanum
1127 610 1185 641 xvi
1196 609 1237 641 K.
1257 609 1366 649 Quint.

683 664 713 683 α.
737 663 792 691 710
824 657 895 692 44).

536 728 700 759 CICERO
729 727 904 758 ATTICO
935 727 1036 758 SAL.

198 812 283 837 xvu
315 802 399 837 Kal.
435 799 504 837 etsi
538 798 626 836 satis
655 798 811 836 videbar
844 797 1036 847 scripsisse
1069 799 1118 836 ad
1151 804 1187 835 te
1218 797 1311 846 quid
1341 796 1433 834 mihi
1452 806 1471 835 1

91 879 128 901 ιο
145 877 242 913 opus
261 871 360 902 esset
379 870 416 901 et
435 863 528 912 quid
548 870 583 899 te
603 863 725 899 facere
744 862 891 907 vellem,
915 860 944 898 si
965 860 1033 898 tibi
1053 861 1301 898 commodum
1323 867 1436 907 esset,

146 935 275 965 tamen
294 940 382 964 cum
402 927 592 975 profectus
618 937 740 962 essem
767 932 804 962 et
832 924 871 961 in
899 925 984 961 lacu
1004 923 1229 972 navigarem,
1252 923 1433 961 Tironem

147 990 259 1027 statui
285 991 334 1027 ad
358 997 394 1027 te
422 1003 504 1027 esse
533 988 773 1034 mittendum,
796 995 838 1025 ut
866 988 910 1025 iis
936 987 1097 1036 negotiis
1117 1000 1215 1036 quae
1238 994 1436 1035 agerentur

147 1054 353 1100 interesset,
392 1061 507 1102 atque
543 1052 656 1090 etiam
694 1051 825 1101 scripsi
862 1052 911 1089 ad
951 1051 1191 1089 Dolabellam
1230 1063 1301 1096 me,
1335 1049 1365 1086 si
1402 1049 1437 1087 ei

147 1117 350 1163 videretur,
368 1118 464 1154 velle
484 1115 671 1165 proficisci
700 1114 868 1164 petiique
894 1115 943 1152 ab
970 1128 1016 1152 eo
1044 1116 1092 1152 de
1115 1113 1227 1151 mulis
1248 1120 1434 1151 vecturae.

91 1192 127 1224 15
148 1182 200 1218 Vt
219 1179 258 1217 in
277 1180 335 1217 his
355 1178 554 1229 (quoniam
583 1179 760 1227 intellego
788 1185 824 1216 te
849 1177 1165 1216 distentissimum
1192 1190 1274 1214 esse
1294 1189 1370 1225 qua
1389 1170 1438 1214 de
1457 1183 1481 1210 2

149 1242 358 1281 Buthrotiis
391 1256 466 1291 qua
499 1243 547 1279 de
580 1244 709 1288 Bruto,
740 1241 847 1278 cuius
885 1241 999 1278 etiam
1032 1242 1210 1278 ludorum
1244 1247 1439 1288 sumptuo-

148 1319 276 1344 sorum
302 1319 431 1343 curam
458 1313 494 1343 et
520 1304 888 1342 administrationem
918 1303 1089 1352 suspicor
1108 1317 1154 1341 ex
1177 1316 1314 1351 magna
1334 1310 1439 1352 parte

148 1369 198 1407 ad
218 1376 255 1406 te
273 1368 475 1418 pertinere)
490 1375 530 1405 ut
546 1381 634 1416 ergo
654 1367 693 1404 in
713 1367 792 1404 eius
813 1367 919 1404 modi
939 1381 977 1405 re
998 1367 1139 1404 tribues
1155 1366 1266 1404 nobis
1283 1367 1439 1416 paulum

150 1445 288 1482 operae
301 1446 311 1479 ;
338 1445 410 1470 nec
429 1432 531 1470 enim
553 1433 714 1468 multum
735 1444 831 1480 opus
852 1438 917 1468 est.

91 1508 133 1531 20
203 1495 303 1534 Mihi
323 1509 380 1534 res
399 1497 449 1534 ad
468 1497 626 1533 caedem
647 1502 684 1533 et
707 1508 790 1533 eam
811 1494 967 1543 quidem
994 1493 1248 1543 propinquam
1269 1501 1440 1543 spectare

149 1559 307 1597 videtur.
364 1559 482 1597 Vides
519 1559 706 1604 homines,
738 1558 844 1595 vides
876 1571 989 1594 arma.
1048 1560 1204 1595 Prorsus
1235 1571 1312 1595 non
1346 1557 1439 1594 mihi

149 1622 280 1660 videor
299 1635 381 1660 esse
400 1630 513 1659 tutus.
571 1621 637 1659 Sin
657 1628 698 1658 tu
717 1621 823 1659 aliter
846 1620 973 1666 sentis,
995 1620 1107 1658 velim
1134 1621 1183 1657 ad
1204 1634 1265 1658 me
1285 1620 1436 1658 scribas.

153 1685 269 1723 Domi
289 1685 390 1723 enim
411 1698 574 1731 manere,
597 1684 628 1722 si
647 1692 748 1722 reete
767 1696 935 1732 possum,
957 1685 1078 1721 multo
1098 1685 1210 1721 malo.

191 1788 299 1823 XIX
343 1791 409 1823 Ser.
429 1791 462 1822 in
484 1791 664 1822 Tusculano
677 1791 757 1821 inter
771 1801 800 1821 a.
822 1790 853 1821 d.
871 1801 912 1820 xv
929 1794 956 1820 et
969 1791 1004 1819 xi
1018 1790 1058 1821 K.
1078 1789 1185 1828 Quint.
1206 1800 1234 1820 a.
1257 1799 1311 1828 710
1329 1790 1414 1831 (44).

95 1876 133 1907 25
541 1866 708 1896 CICERO
738 1864 911 1895 ATTICO
939 1864 1044 1895 SAL.

203 1936 400 1984 Quidnam
426 1943 482 1974 est
511 1937 616 1985 quod
644 1936 836 1985 agendum
864 1935 1027 1984 amplius
1056 1935 1105 1973 de
1128 1933 1338 1972 Buthrotiis
1363 1936 1475 1973 sit?1

151 2001 216 2038 Sat
243 1999 364 2049 egisse
392 1999 494 2037 enim
523 2006 559 2036 te
592 2000 726 2037 frustra
758 1998 900 2036 scribis.
959 1997 1064 2046 Quid
1096 2005 1224 2035 autem
1258 2010 1297 2035 se
1330 1999 1440 2035 refert

197 2112 211 2132 1
237 2101 359 2130 εὐπινῶς
388 2100 505 2130 Klotz:
537 2103 690 2130 ΠΙΝΩΟΟ
718 2099 775 2130 Mt
807 2099 1016 2136 πεπινωμένως
1042 2099 1204 2130 Corradus
1346 2108 1382 2137 14
1401 2098 1442 2129 ab

152 2145 268 2174 eodem
293 2143 398 2173 mulos
422 2144 497 2173 coni.
522 2142 604 2172 Boot
736 2146 810 2181 post
830 2147 984 2172 vecturae
1010 2142 1083 2172 add.
1109 2143 1239 2172 itineris
1264 2140 1304 2170 M
1327 2142 1378 2180 (sc.
1408 2146 1443 2171 ut

152 2187 184 2216 in
209 2186 260 2215 his
283 2186 483 2224 repett'lztm):
515 2195 578 2216 om.
606 2183 778 2214 ZWORP
935 2195 970 2223 15
994 2185 1038 2214 Vt
1067 2184 1261 2214 Gronovius:
1296 2188 1328 2213 et
1354 2183 1442 2214 codd.

155 2230 194 2258 16
226 2233 489 2267 sumptuosorum
514 2226 686 2257 Lehmann
714 2227 778 2258 coll.
814 2226 850 2264 Q.
878 2226 929 2257 Fr.
960 2228 1002 2257 iii.
1032 2227 1061 2258 8.
1089 2228 1130 2257 6:
1176 2237 1308 2257 suorum
1334 2224 1443 2256 codd:

153 2270 357 2300 scenicorum
377 2270 435 2299 alii
562 2279 598 2308 17
625 2274 657 2299 et
678 2270 762 2299 adm.
786 2268 984 2308 lVesenberg:
1010 2270 1108 2298 etiam
1131 2270 1216 2300 adm.
1238 2269 1346 2300 codd:
1376 2268 1442 2299 secl.

100 2311 104 2312 ⁷
152 2313 262 2342 Baiter
464 2312 505 2341 26
527 2313 691 2349 agendum
708 2312 844 2343 Sclzmz:
870 2312 1057 2341 audendum
1075 2311 1159 2342 codd.
1292 2311 1358 2342 sit?
1384 2310 1443 2342 Sat

154 2356 262 2394 egisse
280 2354 400 2385 Miiller
415 2366 420 2384 :
444 2355 576 2387 stetisse
592 2354 675 2385 codd.
692 2365 698 2388 z
723 2355 787 2384 sit?
805 2355 912 2392 egisse
934 2353 1116 2394 ll'esenbeyg
