1590 2730
512 124 620 160 EPP.
652 125 727 159 AD
757 125 1007 162 ATTICVM
1305 126 1398 162 XII.
1420 125 1511 161 xlix

162 257 306 292 XLIX
383 260 450 292 Scr.
469 260 503 291 in
523 261 702 292 Tusculano
716 263 772 292 xiv
787 262 829 294 K.
844 262 918 294 Iun.
936 274 966 295 a.
986 273 1042 303 709
1062 263 1141 304 (45).

515 342 684 373 CICERO
710 342 885 373 ATTICO
913 343 1015 374 SAL.

173 423 392 461 Sentiebam
434 423 593 461 omnino
635 431 822 472 quantum
862 424 955 461 mihi
992 437 1169 473 praesens
1207 426 1405 474 prodesses
1427 435 1442 461 1

121 487 188 524 sed
218 488 339 524 multo
367 485 486 535 magis
515 493 601 535 post
629 486 839 524 discessum
869 494 977 524 tuum
1007 487 1140 525 sentio.
1199 489 1325 535 Quam
1355 488 1406 525 ob
1427 476 1560 516 (xrvnr)

82 562 99 593 5
120 562 211 595 rem,
233 556 275 586 ut
293 557 381 586 ante
401 550 450 586 ad
470 556 507 586 te
527 548 670 597 scripsi,
691 557 757 586 aut
776 563 847 598 ego
866 551 916 587 ad
939 557 975 588 te
996 557 1097 587 totus
1117 558 1182 588 aut
1202 558 1242 587 tu
1262 551 1311 588 ad
1332 564 1402 596 me,

119 613 226 661 quod
245 611 384 649 licebit.

173 675 269 713 Heri
306 689 384 714 non
414 677 535 714 multo
568 684 654 725 post
687 689 801 725 quam
834 684 873 714 tu
903 690 925 714 a
959 690 1020 714 me
1052 676 1267 723 discessisti,
1299 684 1402 726 puto,
1423 690 1446 716 2

119 739 276 789 quidam
313 738 447 776 urbani
478 747 519 776 ut
549 738 777 777 videbantur
808 740 858 777 ad
892 753 952 777 me
985 741 1166 777 mandata
1195 747 1232 777 et
1264 739 1404 777 litteras
1425 734 1519 814 ἕξω(

119 803 324 840 attulerunt
359 815 382 838 a
419 803 462 840 C.
500 801 624 839 Mario
662 803 704 841 C.
740 803 763 839 f.
804 803 846 841 C.
882 816 917 839 n.
953 802 1079 840 multis
1117 803 1241 840 verbis
1277 806 1406 851 ‘agere

63 877 102 899 10
121 879 271 902 mecum
300 878 366 914 per
393 865 662 914 cognationem
692 878 789 914 quae
819 865 912 902 mihi
938 878 1068 903 secum
1096 874 1204 911 esset,
1226 880 1292 915 per
1318 879 1405 903 eum

122 929 286 965 Marium
320 942 433 977 quem
473 928 717 977 scripsissem,
749 942 815 977 per
842 928 1100 978 eloquentiam
1130 931 1172 966 L.
1196 928 1321 968 Crassi
1346 928 1405 965 avi

118 991 176 1029 sui
205 999 245 1029 ut
274 1005 313 1029 se
346 993 617 1038 defenderem‚'
646 1006 877 1041 causamque
915 1005 1022 1030 suam
1056 992 1148 1029 mihi
1177 992 1402 1042 perscripsit.

120 1054 311 1104 Rescripsi
342 1063 503 1103 patrono
542 1055 594 1092 illi
631 1055 725 1093 nihil
758 1069 855 1104 opus
892 1069 985 1101 esse,
1016 1055 1198 1104 quoniam
1233 1055 1404 1095 Caesaris

118 1117 321 1166 propinqui
344 1117 425 1155 eius
453 1118 578 1156 omnis
605 1126 771 1167 potestas
795 1126 903 1165 esset,
925 1118 992 1156 viri
1019 1119 1153 1167 optimi
1177 1127 1213 1157 et
1239 1119 1405 1157 hominis

63 1193 98 1224 15
118 1181 369 1219 liberalissimi
384 1196 393 1228 3
422 1195 482 1219 me
499 1189 627 1220 tamen
647 1182 681 1220 ei
697 1184 899 1220 fauturum.
943 1183 978 1220 O
995 1186 1188 1231 tempora!
1218 1184 1297 1220 fore
1317 1196 1404 1220 cum

116 1244 266 1282 dubitet
287 1245 440 1284 Curtius
461 1247 701 1283 consulatum
722 1249 872 1295 petere!
929 1247 1004 1284 Sed
1024 1247 1118 1283 haec
1139 1247 1332 1283 hactenus.

170 1310 230 1346 De
260 1308 402 1346 Tirone
433 1309 527 1345 mihi
560 1322 671 1347 curae
705 1317 771 1346 est.
830 1310 906 1347 Sed
936 1309 1012 1346 iam
1041 1309 1158 1347 sciam
1185 1310 1278 1358 quid
1305 1318 1400 1359 agat.
1424 1315 1471 1355 (2)
1497 1320 1521 1357 3

118 1371 213 1408 Heri
233 1371 336 1408 enirn
363 1371 447 1409 misi
477 1372 541 1421 qui
570 1372 714 1410 videret
728 1387 737 1419 3
767 1372 827 1410 cui
857 1372 971 1409 etiam
994 1373 1044 1410 ad
1070 1379 1107 1410 te
1133 1372 1274 1410 litteras
1301 1373 1401 1411 dedi.

118 1434 329 1483 Epistulam
354 1436 404 1473 ad
434 1435 660 1474 Ciceronem
690 1435 758 1473 tibi
788 1435 882 1473 misi.
942 1435 1056 1473 Horti
1087 1449 1202 1485 quam
1233 1436 1272 1473 in
1300 1436 1402 1475 diem

60 1510 98 1532 20
115 1497 314 1547 proscripti
343 1498 417 1536 sint
445 1499 558 1537 velim
586 1500 635 1537 ad
666 1512 726 1537 me
755 1499 906 1537 scribas.

157 1640 192 1673 L
375 1642 441 1674 Scr.
461 1644 493 1673 in
515 1643 696 1674 Tusculano
711 1654 754 1674 xv
768 1644 810 1674 K.
828 1644 901 1674 Iun.
919 1654 947 1674 a.
968 1654 1024 1684 709
1043 1644 1124 1685 (45).

509 1729 676 1760 CICERO
705 1730 882 1760 ATTICO
910 1729 1013 1761 SAL.

166 1817 218 1853 Vt
238 1829 298 1853 me
325 1817 463 1853 levarat
483 1823 569 1854 tuus
595 1817 782 1854 adventus
806 1816 859 1854 sic
886 1817 1074 1854 discessus
1102 1816 1255 1855 adflixit.
1314 1818 1402 1865 Qua

115 1892 154 1916 re
173 1891 260 1916 cum
289 1879 439 1928 poteris,
461 1879 500 1917 id
527 1887 583 1917 est
611 1893 699 1917 cum
729 1880 830 1918 Sexti
858 1880 1026 1918 auctioni
1055 1869 1209 1930 operam
1239 1881 1398 1928 dederis,

57 1956 95 1987 ²5
116 1941 253 1979 revises
286 1955 366 1979 nos.
423 1944 496 1980 Vel
526 1956 624 1980 unus
654 1942 736 1980 dies
768 1942 860 1979 mihi
898 1943 967 1980 erit
1000 1943 1111 1990 utilis,
1145 1944 1238 1993 quid
1275 1944 1399 1982 dicam

117 2007 312 2054 ‘gratus'?
367 2007 456 2054 Ipse
485 2008 651 2044 Romam
682 2005 849 2043 venirem
879 2014 920 2044 ut
946 2020 1021 2044 una
1047 2020 1227 2053 essemus,
1256 2007 1286 2044 si
1311 2007 1400 2044 satis

113 2070 330 2106 consultum
351 2070 517 2117 quadam
537 2070 586 2107 de
606 2083 644 2106 re
664 2069 860 2120 haberem„

155 2178 174 2207 5
198 2173 288 2198 totus
303 2179 374 2198 cnm
397 2179 482 2207 ctjuce
504 2168 623 2199 Mt'c'ller
642 2169 701 2207 qui
720 2169 796 2199 coni.
821 2169 946 2200 otiosus
970 2170 1014 2207 (et
1035 2180 1132 2208 quom
1150 2175 1211 2210 pro
1233 2171 1335 2209 quod)
1353 2172 1402 2202 vel

114 2209 193 2241 ὅλως
349 2222 365 2249 7
391 2212 486 2251 puto]
515 2212 624 2242 subito
649 2211 744 2241 Klotz
891 2222 927 2250 19
950 2212 1163 2251 Ciceronem]
1190 2214 1365 2243 Caesarem
1382 2214 1400 2243 I

113 2263 152 2291 27
176 2253 358 2283 consultum
372 2253 511 2284 Mz'iller:
535 2253 702 2284 consilium
723 2253 806 2283 codd.
824 2265 829 2283 :
855 2254 968 2284 consili
981 2253 1163 2285 Corradus:
1187 2256 1397 2286 constitutum

114 2295 285 2326 consilium
301 2295 471 2326 Lehmann
