1590 2730
41 132 156 168 ΧΙΙΙ.
175 132 308 168 xxviii
535 135 588 171 M.
620 135 783 171 TVLLI
815 136 1111 174 CICERONIS

188 243 330 290 oratio3
364 257 434 293 ego
463 243 555 293 quid
584 245 772 293 possum?
826 245 973 282 Tamen
1004 244 1134 282 nescio
1163 244 1254 293 quid
1283 258 1304 282 e
1328 259 1470 294 quercu

187 309 464 356 exsculpseram
490 308 594 356 quod
620 307 808 344 videretur
837 307 957 344 simile
987 307 1185 345 simulacri.
1245 309 1290 345 In
1317 321 1363 345 eo
1383 308 1472 357 quia

187 383 265 407 non
295 371 398 407 nulla
424 377 529 407 erant
555 371 669 418 paulo
696 369 850 407 meliora
870 383 984 418 quam
1005 383 1049 407 ea
1069 384 1166 419 quae
1190 372 1285 408 fiunt
1311 378 1347 408 et
1373 373 1471 408 facta

187 440 284 477 sunt,
308 434 658 481 reprehenduntur3
688 434 792 481 quod
813 446 873 470 me
894 433 1050 470 minime
1070 433 1246 482 paenitet.
1303 433 1340 470 Si
1368 433 1469 471 enim

148 512 169 546 3
187 496 446 544 pervenissent
466 496 558 533 istae
578 496 732 542 litterae,
748 495 840 532 mihi
861 498 983 542 crede,
1000 510 1068 534 nos
1088 497 1306 546 paeniteret.
1338 496 1472 544 Quid?

139 1384 164 1419 4

37 1427 142 1463 (xxix.

39 1476 66 1505 1)

113 2026 131 2045 (ὗ

135 2015 147 2054 )

187 567 226 596 tu
256 572 333 596 non
359 559 464 597 vides
491 559 614 608 ipsum
641 559 747 596 illum
768 559 958 596 Aristoteli
987 559 1216 608 discipulum
1242 573 1393 597 summo
1419 559 1471 596 in-

186 622 312 670 genio,
340 635 489 659 summa
522 621 720 668 modestia,
750 630 883 671 postea
915 635 1029 671 quam
1068 636 1130 660 rex
1166 625 1376 672 appellatus
1410 622 1467 668 sit,

186 686 403 734 superbum,
445 686 649 730 crudelem,
693 685 987 722 immoderatum
1033 685 1179 723 fuisse?
1252 685 1385 733 Quid?
1430 693 1469 722 tu

186 750 287 786 hunc
316 750 365 786 de
394 762 536 798 pompa
561 748 710 796 Quirini
741 748 1053 786 contubernalem
1084 748 1142 785 his
1174 749 1311 787 nostris
1342 749 1470 785 mode-

185 813 271 849 ratis
309 812 479 861 epistulis
517 814 742 849 laetaturum
779 814 921 859 putas?
996 814 1065 849 Ille
1102 825 1190 850 vero
1228 812 1353 861 potius
1390 825 1468 849 non

184 875 322 924 scripta
355 874 544 912 desideret
573 887 687 922 quam
718 873 855 922 scripta
883 887 960 911 non
990 875 1134 923 probet.
1203 877 1400 912 Postremo
1428 881 1469 910 ut

184 940 294 976 volet.
353 937 460 976 Abiit
498 937 591 976 illud
629 938 734 986 quod
773 944 853 974 tum
892 950 953 974 me
990 937 1209 975 stimulabat
1247 951 1362 986 quom
1401 937 1469 974 tibi

184 1003 323 1039 dabam
353 1002 554 1050 πρόβλημα
583 1001 843 1051 Ἀρχιμήδειον.
916 1002 1042 1038 Multo
1076 1014 1137 1038 me
1166 1003 1318 1038 hercule
1351 1000 1469 1049 magis

184 1077 286 1101 nunc
324 1071 416 1113 opto
449 1077 579 1101 casum
618 1063 723 1101 illum
762 1077 876 1112 quem
918 1070 998 1100 tum
1038 1063 1219 1101 timebam
1258 1065 1315 1100 vel
1353 1077 1467 1112 quem

183 1126 326 1164 libebit.

236 1189 319 1227 Nisi
348 1189 442 1238 quid
471 1197 506 1227 te
535 1189 638 1227 aliud
668 1189 860 1238 impediet,
890 1189 940 1225 mi
967 1196 1098 1238 optato
1124 1188 1279 1226 veneris.
1338 1189 1468 1227 Nicias

182 1266 203 1289 a
226 1253 427 1290 Dolabella
453 1265 592 1301 magno
618 1265 732 1301 opere
758 1251 957 1289 arcessitus
978 1251 1066 1300 (legi
1090 1251 1192 1289 enim
1221 1251 1378 1301 litteras)
1398 1251 1467 1289 etsi

183 1315 302 1353 invito
322 1329 383 1353 me
403 1322 530 1353 tamen
551 1316 688 1354 eodem
710 1328 770 1352 me
789 1322 943 1352 auctore
963 1316 1154 1363 profectus
1174 1322 1240 1352 est.

239 1381 328 1416 Hoc
362 1392 476 1416 manu
510 1392 605 1416 mea.
663 1380 761 1416 Cum
796 1378 903 1426 quasi
939 1377 1031 1415 alias
1069 1392 1125 1415 res
1163 1391 1380 1427 quaererem
1419 1377 1467 1415 de

186 1441 387 1490 philologis
416 1455 436 1479 e
463 1441 586 1488 Nicia5
607 1440 809 1478 incidimus
836 1440 873 1477 in
898 1442 1098 1478 Thalnam.
1157 1443 1226 1478 Ille
1245 1443 1294 1479 de
1314 1440 1467 1490 ingenio

184 1504 276 1540 nihil
298 1503 420 1549 nimis,
444 1505 660 1541 modestum
682 1510 718 1541 et
737 1503 842 1552 frugi.
900 1505 975 1541 Sed
1001 1505 1075 1541 hoc
1096 1503 1188 1541 mihi
1209 1517 1286 1541 non
1312 1504 1463 1552 placuit.

183 1569 231 1604 Se
251 1567 345 1605 scire
368 1567 493 1604 aiebat
518 1568 567 1604 ab
593 1580 639 1604 eo
665 1579 785 1615 nuper
811 1566 967 1615 petitam
989 1566 1244 1613 Cornificiam,
1268 1568 1315 1614 Q.
1338 1567 1463 1611 filiam,

181 1632 346 1668 vetulam
373 1643 464 1667 sane
490 1637 526 1667 et
553 1631 755 1667 multarum
785 1629 1027 1678 nuptiarum3
1055 1642 1132 1666 non
1159 1642 1241 1666 esse
1264 1630 1465 1678 probatum

182 1693 412 1738 mulieribus,
448 1694 552 1742 quod
590 1692 641 1730 ita
678 1692 883 1741 reperirent
914 1705 991 1730 rem
1025 1706 1103 1730 non
1135 1692 1315 1730 maiorem
1350 1704 1462 1729 Dece.

183 1758 271 1793 Hoc
301 1755 429 1805 putavi
459 1763 495 1793 te
524 1755 618 1793 scire
647 1763 831 1804 oportere.

221 1860 369 1894 XXIX
457 1863 523 1893 Scl'.
543 1863 576 1891 z'n
597 1862 778 1892 Tusculano
794 1862 826 1892 vi
838 1862 878 1892 K.
897 1862 972 1893 Itm.
990 1872 1018 1892 a.
1041 1871 1098 1901 709
1117 1863 1193 1901 (45‘).

572 1936 737 1966 CICERO
765 1935 943 1966 ATTICO
972 1935 1071 1965 SAL.

229 2009 291 2044 Dc
307 2006 425 2044 hortis
441 2020 485 2043 ex
506 2005 579 2042 tuis
595 2004 726 2042 litteris
743 2004 903 2052 cognovi
920 2011 957 2042 et
977 2017 1025 2040 ex
1042 2004 1267 2053 Chrysippo.
1312 2006 1356 2041 In
1378 2004 1464 2041 villa

178 2070 285 2107 cuius
305 2069 555 2106 insulsitatem
573 2068 671 2105 bene
686 2080 818 2104 noram
835 2066 947 2104 video
963 2066 1056 2103 nihil
1071 2074 1136 2104 aut
1156 2080 1276 2115 pauca
1297 2074 1463 2113 mutata3

178 2133 368 2170 balnearia
397 2140 524 2170 tamen
557 2132 686 2168 laudat
717 2130 867 2168 maiora.
900 2131 948 2167 de
979 2130 1188 2167 minoribus
1221 2130 1272 2167 ait
1304 2130 1463 2167 hiberna

223 2245 258 2264 12
282 2244 378 2272 quom
410 2232 613 2271 lVescnbmg:
645 2232 731 2269 quod
764 2230 803 2259 Μ
944 2240 978 2267 14
1002 2241 1097 2268 quem
1126 2230 1221 2260 Rom.
1241 2230 1280 2260 I:
1310 2240 1405 2268 quam
1426 2229 1466 2258 M

182 2278 365 2315 ll’esenlaczg
449 2286 490 2305 20
513 2275 672 2304 Thalnam
692 2273 790 2312 vulg:
816 2273 950 2302 Talnam
970 2272 1041 2307 CM,
1059 2273 1094 2310 qf.
1113 2273 1133 2303 i.
1155 2274 1200 2302 16.
1218 2275 1238 2302 6
1324 2282 1363 2309 23
1387 2282 1461 2310 pro-

177 2320 285 2349 batum
299 2317 482 2357 Malaspimz
499 2328 505 2347 z
531 2326 594 2346 -am
609 2315 648 2344 M
731 2316 771 2344 28
795 2325 836 2344 ex
848 2315 1038 2353 Chrysippo
1052 2315 1149 2344 Orelli
1163 2327 1169 2344 :
1193 2315 1370 2354 Chrysippi
1382 2313 1466 2343 Reid

1492 829 1528 850 10

1490 1140 1525 1171 15

1488 1457 1526 1478 20

1483 2142 1520 2171 30
