1590 2730
519 117 628 153 EPP.
659 117 735 152 AD
763 117 1013 155 ATTICVM
1326 118 1419 155 XII.
1441 117 1548 154 xxiv

129 238 192 262 me
219 223 360 262 scribas
385 223 509 262 velim.
567 225 616 261 Et
645 230 686 260 ut
713 225 763 261 ad
791 237 895 261 meas
922 223 1083 272 ineptias
1112 225 1278 272 redeam,
1298 225 1410 262 velim
1430 235 1456 262 2

131 302 193 327 me
229 288 426 326 certiorem
467 287 582 324 facias
620 289 660 324 P.
700 288 858 325 Crassus
890 288 1099 326 Venuleiae
1140 289 1238 326 filius
1275 288 1411 325 vivone

129 353 170 390 P.
197 352 335 390 Crasso
367 350 555 388 consulari
581 357 686 399 patre
719 363 788 387 suo
825 358 996 388 mortuus
1027 351 1083 397 sit,
1110 360 1151 389 ut
1180 365 1251 400 ego
1282 351 1411 388 memi-

129 413 230 452 nisse
245 414 385 460 videor,
402 427 451 450 an
466 420 607 462 postea.
658 414 757 450 Item
780 425 922 461 quaero
942 415 990 450 de
1010 414 1159 463 Regillo
1177 413 1313 462 Lepidi
1333 413 1411 451 filio

91 489 108 520 5
128 484 279 514 rectene
310 476 547 513 meminerim
577 483 682 524 patre
712 475 797 513 vivo
828 483 1031 513 mortuum.
1090 477 1271 526 Cispiana
1300 476 1411 525 expli-
1431 485 1456 520 3

128 539 232 577 cabis
252 539 419 588 itemque
440 539 631 576 Preciana.
688 541 747 576 De
767 538 895 576 Attica
914 539 1069 587 optime.
1128 541 1177 577 Et
1197 539 1231 577 ei
1251 540 1411 577 salutem

127 603 232 641 dices
252 610 289 640 et
310 602 437 640 Piliae.

168 701 292 735 XXV
427 704 492 734 Ser.
513 704 653 734 Asturae
667 704 715 734 xii
730 703 770 735 K.
791 703 823 733 A
823 709 875 743 pr.
894 714 923 734 a.
945 714 1001 743 709
1021 703 1100 745 (45).

516 777 683 808 CICERO
703 777 880 808 ATTICO
902 777 1005 808 SAL.

70 868 109 891 10
179 853 335 902 Scripsit
357 854 407 890 ad
434 866 494 890 me
515 852 714 901 diligenter
734 852 842 890 Sicca
861 853 910 890 de
931 852 1022 890 Silio
1049 866 1165 901 seque
1193 853 1242 890 ad
1270 860 1305 890 te
1332 865 1411 890 rem
1432 863 1450 890 1

127 917 330 963 detulisse,
359 917 464 965 quod
491 923 531 953 tu
557 916 659 954 idem
689 915 830 953 scribis.
889 915 987 952 Mihi
1017 923 1053 953 et
1082 929 1139 953 res
1168 923 1205 952 et
1233 915 1411 953 condicio

125 981 250 1028 placet
291 980 357 1016 sed
396 979 447 1016 ita
483 986 524 1016 ut
562 986 760 1016 numerato
807 978 935 1015 malim
974 991 1089 1027 quam
1133 978 1407 1015 aestimatione.

126 1042 368 1091 Voluptarias
407 1042 506 1079 enim
548 1041 807 1090 possessiones
845 1043 949 1079 nolet
987 1041 1122 1087 Silius3
1164 1041 1410 1089 vectigalibus

125 1113 253 1143 autem
283 1112 323 1142 ut
352 1105 409 1142 his
440 1118 595 1153 possum
630 1118 711 1142 esse
743 1111 945 1142 contentus
975 1118 1073 1153 quae
1106 1105 1241 1150 habeo,
1270 1103 1323 1141 sic
1351 1103 1411 1140 vix

71 1182 107 1212 15
126 1168 346 1205 minoribus.
404 1169 518 1206 Vnde
556 1181 643 1216 ergo
681 1169 909 1204 numerato?
965 1169 1032 1205 HS
1062 1179 1114 1205 Dc
1143 1167 1329 1215 exprimes
1362 1167 1411 1204 ab

127 1233 384 1280 Hermogene,
417 1244 505 1268 cum
543 1230 761 1279 praesertim
800 1243 956 1268 necesse
989 1229 1057 1267 erit
1090 1237 1127 1268 et
1159 1230 1265 1267 domi
1299 1229 1411 1268 video

124 1307 206 1332 esse
236 1296 304 1332 HS
329 1306 390 1331 Dc.
449 1293 635 1342 Reliquae
664 1293 848 1342 pecuniae
876 1295 935 1330 vel
964 1306 1117 1330 usuram
1147 1293 1238 1330 Silio
1272 1295 1411 1342 pende—

126 1370 218 1402 mus,
252 1358 344 1395 dum
382 1370 404 1394 a
433 1356 593 1394 Faberio
626 1358 684 1394 vel
715 1370 802 1394 cum
840 1356 969 1404 aliquo
1007 1356 1072 1405 qui
1104 1355 1265 1394 Faberio
1295 1357 1411 1394 debet

124 1420 501 1469 repraesentabimus.
560 1419 641 1457 Erit
661 1419 774 1457 etiam
794 1419 938 1468 aliquid
959 1419 1147 1456 alicunde.
1195 1420 1271 1456 Sed
1292 1426 1409 1456 totam

69 1497 107 1518 20
125 1496 203 1520 rem
225 1490 264 1520 tu
290 1482 528 1532 gubernabis.
589 1482 786 1520 Drusianis
810 1495 898 1520 vero
925 1482 1042 1519 hortis
1069 1483 1190 1519 multo
1216 1489 1410 1530 antepono
1429 1493 1453 1520 2

125 1559 249 1595 neque
270 1553 358 1583 sunt
378 1559 560 1595 umquam
582 1544 800 1594 comparati.
854 1544 953 1581 Mihi
974 1546 1097 1590 crede,
1119 1558 1195 1581 una
1216 1558 1276 1581 me
1296 1557 1411 1582 causa

125 1616 252 1647 movet
272 1608 309 1646 in
330 1622 405 1658 qua
425 1609 504 1646 scio
524 1622 585 1646 me
605 1609 845 1657 τετυφῶσθαι.
901 1609 987 1653 Sed,
1010 1614 1051 1644 ut
1074 1606 1176 1652 facis,
1199 1608 1410 1655 obsequere

124 1673 213 1710 huic
233 1672 346 1710 errori
366 1685 464 1710 meo.
522 1674 622 1710 Nam
643 1673 748 1721 quod
776 1671 907 1710 scribis
926 1673 936 1690 ‘
951 1671 1161 1722 ἐγγήραμα,’
1180 1677 1308 1708 actum
1334 1669 1409 1707 iam

124 1737 172 1773 de
192 1735 264 1773 isto
284 1742 340 1773 est
354 1749 363 1782 3
392 1735 465 1773 alia
484 1735 602 1784 magis
623 1749 776 1785 quaero.

69 1848 105 1880 25
165 1840 314 1875 XXVI
441 1844 508 1875 Scr.
528 1845 671 1875 Asturae
684 1845 720 1874 xi
732 1844 773 1875 K.
792 1844 873 1884 Apr.
893 1855 922 1875 a.
944 1854 1001 1884 709
1018 1843 1097 1885 (45).

517 1917 682 1947 CICERO
712 1916 887 1946 ATTICO
910 1915 1015 1946 SAL.

176 1988 293 2034 Sicca,
321 1996 362 2026 ut
390 1989 529 2035 scribit,
558 1990 672 2027 etiam
701 1989 731 2026 si
761 1989 854 2026 nihil
885 1988 1091 2027 confecerit
1122 2001 1210 2026 cum
1236 1990 1281 2025 A.
1305 1988 1407 2036 Silio,
1426 2001 1444 2029 1

124 2059 252 2090 tamen
275 2065 315 2089 se
341 2052 470 2090 scribit
496 2065 523 2089 x
547 2054 630 2089 Kal.
654 2066 735 2090 esse
761 2059 973 2090 venturum.
1030 2051 1124 2088 Tuis
1153 2051 1411 2100 occupationi-

166 2162 185 2189 4
209 2157 326 2190 postea
342 2154 365 2183 Σ
382 2152 464 2182 Crat.
482 2164 488 2181 :
517 2157 590 2191 post
607 2157 633 2182 Δ
771 2153 791 2181 6
816 2152 856 2181 Et
873 2150 964 2182 Man.
982 2162 988 2181 :
1013 2151 1044 2181 id
1058 2150 1145 2182 codd.
1281 2161 1316 2190 17
1342 2150 1408 2192 vel]

123 2194 221 2223 velim
235 2194 322 2232 (cum
339 2195 536 2232 pendamus)
551 2194 697 2225 Schmidt
711 2205 717 2224 :
740 2194 797 2224 dcl.
814 2194 937 2232 Kayser
1035 2195 1072 2223 18
1095 2203 1167 2223 cum
1184 2193 1243 2224 M:
1266 2194 1306 2223 ab
1322 2194 1408 2233 vulg.

127 2246 164 2274 19
186 2236 317 2266 aliunde
331 2236 353 2266 I
479 2248 521 2267 20
543 2237 605 2267 hos
616 2240 689 2276 post
705 2236 806 2266 multo
823 2235 896 2265 add.
916 2235 1031 2266 Lamb.
1168 2246 1205 2265 21
1231 2236 1410 2275 comparati

124 2276 214 2308 Man.
233 2287 241 2308 z
264 2283 329 2308 -ata
346 2278 387 2307 M
490 2289 528 2318 27
554 2283 589 2308 ut
605 2278 716 2308 scribit
732 2278 787 2308 del.
807 2277 890 2307 Boot
