1690 2710
111 130 219 165 XVI.
243 128 287 163 xi
611 127 663 162 M.
695 126 857 161 TVLLI
889 124 1186 161 CICERONIS

255 236 422 284 εὐμενείᾳ.
480 236 540 271 Ita
567 233 728 270 libenter
756 244 802 269 ca
827 230 1011 280 corrigam
1039 244 1137 279 quae
1164 244 1187 267 a
1214 237 1251 267 te
1278 229 1539 267 animadversa

255 304 357 344 sunt,
379 298 537 334 ‘eodem
557 295 636 333 iure
656 307 733 343 quo
765 293 982 331 Rubriana'
1003 293 1129 342 potius
1158 306 1273 341 quarn
1296 295 1304 311 ‘
1319 304 1396 340 quo
1424 290 1540 340 Scipi-

255 359 362 407 onis,’
395 367 433 397 et
464 361 513 397 de
545 358 722 396 laudibus
762 357 986 394 Dolabellae
1024 357 1181 394 deruam
1218 355 1424 392 cumulum.
1481 355 1539 390 Ac

255 430 383 461 tamen
415 429 472 460 est
504 421 576 459 isto
606 423 692 458 loco
711 420 820 465 bella,
849 426 890 457 ut
922 418 1015 456 mihi
1045 419 1204 464 videtur,
1239 418 1405 467 εἰρωνεία,
1434 417 1540 465 quod

255 500 344 524 eum
368 493 423 524 ter
451 492 582 523 contra
606 483 698 521 civis
725 484 762 521 in
791 483 882 521 acie.
943 484 1044 520 Illud
1072 482 1186 520 etiam
1214 483 1314 519 malo
1342 479 1541 528 ‘indignis-
1559 495 1575 525 5

213 556 238 594 3
256 549 395 587 simum
423 556 478 586 est
506 549 609 585 hunc
637 547 784 584 vivere'
812 559 927 595 quam
962 545 1075 594 ‘quid
1104 544 1344 593 indignius?'
1398 545 1541 581 Πεπλο-

255 613 413 664 γραφίαν
425 610 605 648 Varronis
625 609 692 647 tibi
709 608 858 657 probari
875 621 953 646 non
970 610 1129 645 moleste
1149 609 1228 645 fero
1245 621 1254 653 3
1282 619 1304 644 a
1317 618 1395 655 quo
1414 606 1540 643 adhuc

254 675 520 725 Ἡρακλείδειον
556 672 649 710 illud
689 685 766 709 non
804 671 953 709 abstuli.
1030 671 1148 718 Quod
1193 683 1253 707 me
1290 668 1448 706 hortaris
1492 668 1541 705 ad

254 739 513 784 scribendum,
542 736 666 774 amice
698 742 738 773 tu
771 734 938 784 quidem,
971 734 1039 772 sed
1077 747 1138 771 me
1175 733 1270 770 scito
1306 744 1415 781 agere
1448 730 1541 768 nihil

253 801 367 840 aliud.
426 799 603 838 Gravedo
640 805 705 836 tua
747 797 840 835 mihi
879 797 1039 834 molesta
1075 804 1141 833 est.
1200 797 1368 843 Quaeso,
1400 793 1541 832 adhibe
1565 809 1600 830 10

254 878 371 915 quam
408 865 507 902 soles
544 861 790 911 diligentiam.
849 860 906 898 ‘O
944 859 1052 897 Tite'
1088 859 1157 897 tibi
1194 860 1379 908 prodesse
1412 859 1538 894 laetor.

258 926 492 977 ‘Anagnini’
520 933 607 964 sunt
638 925 805 962 Mustela
831 924 1025 973 ταξιάρχης
1052 930 1090 960 et
1118 924 1222 960 Laco
1248 921 1313 970 qui
1338 920 1541 970 plurimum

257 991 363 1030 bibit.
421 990 578 1028 Librum
599 1001 714 1038 quern
734 1000 842 1037 rogas
862 986 1071 1037 perpoliam
1092 993 1128 1023 et
1149 985 1306 1022 mittam.

213 1061 240 1098 4
312 1056 422 1092 Haec
449 1054 499 1091 ad
527 1052 785 1102 posteriorem.
840 1053 893 1088 Τὰ
919 1051 999 1099 περὶ
1022 1053 1085 1087 τοῦ
1110 1050 1334 1098 καθήκοντος,
1356 1055 1543 1098 quatenus

259 1117 474 1164 Panaetius,
510 1115 656 1154 absolvi
697 1115 859 1154 duobus.
929 1114 1036 1152 Illius
1080 1121 1153 1151 tres
1194 1120 1308 1160 sunt;
1349 1113 1417 1150 sed
1454 1125 1541 1149 cum
1565 1125 1599 1154 15

257 1181 365 1219 initio
408 1178 596 1218 divisisset
638 1178 702 1225 ita,
742 1178 813 1215 tria
852 1190 991 1226 genera
1031 1176 1254 1226 exquirendi
1301 1176 1400 1213 offici
1448 1189 1541 1221 esse,

257 1258 391 1291 unum,
419 1257 507 1281 cum
537 1242 793 1280 deliberemus
825 1243 1030 1279 honestum
1059 1253 1108 1277 an
1141 1247 1250 1289 turpe
1278 1240 1336 1285 sit,
1371 1241 1541 1284 alterum,

258 1307 349 1345 utile
381 1319 430 1344 an
463 1305 608 1352 inutile,
638 1304 804 1351 tertium,
835 1317 921 1341 cum
956 1305 1052 1341 haec
1089 1302 1187 1341 inter
1223 1316 1263 1340 se
1296 1316 1463 1351 pugnare
1497 1301 1545 1339 vi-

257 1372 428 1416 deantur,
461 1382 538 1418 quo
571 1369 689 1406 modo
723 1367 970 1405 iudicandum
1005 1366 1065 1413 sit,
1094 1366 1215 1415 qualis
1248 1379 1362 1403 causa
1394 1364 1544 1414 Reguli,

257 1434 377 1472 redire
397 1435 615 1479 honestum,
635 1445 787 1469 manere
816 1432 918 1477 utile,
939 1432 988 1468 de
1016 1430 1168 1468 duobus
1197 1429 1327 1478 primis
1356 1430 1544 1478 praeclare
1565 1441 1603 1462 20

257 1497 445 1543 disseruit,
464 1497 513 1534 de
542 1495 653 1533 tertio
676 1495 875 1543 pollicetur
895 1507 935 1531 se
961 1493 1144 1542 deinceps
1170 1494 1238 1530 sed
1267 1492 1360 1529 nihil
1385 1492 1541 1541 scripsit.

259 1563 358 1598 Eum
378 1562 505 1598 locum
528 1557 757 1596 Posidonius
786 1565 1005 1606 persecutus
1031 1562 1091 1593 ess.
1150 1558 1233 1606 Ego
1258 1563 1384 1594 autem
1409 1563 1445 1593 et
1465 1555 1546 1593 eius

257 1625 394 1661 librum
431 1621 606 1660 arcessivi
644 1629 680 1659 et
717 1622 765 1658 ad
804 1621 1097 1658 Athenodorum
1136 1621 1297 1659 Calvum
1335 1619 1465 1668 scripsi
1505 1625 1546 1656 ut

258 1688 307 1725 ad
333 1700 394 1724 me
419 1687 463 1724 τὰ
491 1687 673 1734 κεφάλαια
699 1684 888 1730 mitteret;
916 1697 1014 1733 quae
1040 1691 1228 1732 exspecto.
1287 1684 1413 1731 Quem
1433 1682 1545 1720 velim

259 1751 457 1788 cohortere
484 1756 522 1787 et
550 1761 657 1797 roges
686 1755 727 1786 ut
755 1760 870 1797 quam
900 1747 1074 1796 primum.
1135 1748 1180 1784 In
1215 1760 1262 1784 eo
1290 1754 1346 1784 est
1378 1746 1458 1795 περὶ
1484 1749 1547 1783 τοῦ
1568 1759 1603 1789 ²5

262 1815 351 1851 κατὰ
369 1814 582 1862 περίστασιν
610 1812 833 1860 καθήκοντος.
894 1811 1011 1857 Quod
1040 1811 1089 1847 de
1117 1809 1362 1858 inscriptione
1386 1808 1546 1858 quaeris,

263 1889 339 1914 non
364 1875 500 1914 dubito
526 1875 618 1925 quin
645 1875 800 1923 καθῆκον
821 1873 1033 1911 ‘officium'
1054 1872 1111 1918 sit,
1133 1872 1205 1909 nisi
1231 1872 1324 1921 quid
1353 1880 1392 1910 tu
1420 1872 1547 1918 aliud3

263 1940 331 1977 sed
350 1939 545 1988 inscriptio
565 1938 712 1987 plenior
734 1939 805 1975 ‘de
834 1936 989 1974 officiis)
1045 1939 1260 1985 Προσφωνῶ
1284 1942 1412 1973 autem
1439 1935 1548 1974 Cice-

263 2002 345 2040 roni
366 2002 453 2039 filio.
510 2001 645 2038 Visum
666 2008 722 2038 est
742 2014 820 2037 non
841 2001 1022 2038 ἀνοίκειον.

222 2070 246 2110 5
318 2067 378 2103 De
399 2064 553 2113 Myrtilo
573 2064 750 2101 dilucide.
809 2064 844 2100 Ο
865 2063 986 2112 qualis
1007 2070 1045 2100 tu
1067 2075 1215 2111 semper
1238 2061 1352 2099 istos!
1409 2061 1549 2098 Itane?
1568 2073 1607 2103 30

307 2178 336 2204 5,
355 2169 374 2195 6
398 2167 661 2204 indignissimum
683 2172 733 2196 est
754 2165 815 2201 (vel
833 2166 920 2205 csse)
943 2159 1002 2195 Zb:
1030 2164 1198 2201 indignius
1222 2173 1295 2192 csse
1314 2163 1352 2191 M
1514 2172 1545 2190 11

268 2210 399 2238 Librum
426 2219 533 2238 mcum
559 2209 648 2238 illum
677 2208 725 2237 vel
756 2208 884 2237 Librum
918 2206 1004 2235 illu-n
1033 2216 1138 2235 meum
1162 2209 1233 2235 (mle
1259 2205 1287 2234 O
1314 2205 1389 2234 Tite
1409 2203 1489 2234 daut
1512 2198 1549 2232 ΖΙ

268 2252 353 2281 (but.
489 2261 524 2289 14
544 2251 651 2290 Haec]
671 2249 765 2280 Nunc
782 2250 901 2279 Scht‘ilz
970 2252 1044 2287 pos!
1060 2248 1153 2277 Haec
1169 2246 1380 2287 supplendum
1397 2247 1436 2276 ad
1453 2257 1535 2284 supc

270 2295 385 2322 florem
401 2304 406 2322 :
441 2303 527 2323 nunc
543 2293 590 2323 vcl
604 2292 703 2322 simile
719 2291 797 2332 qnid
805 2294 900 2330 puta!
919 2290 1102 2329 ll'esenbmg
1237 2299 1277 2318 22
1301 2294 1350 2318 est
1367 2288 1438 2319 add.
1457 2288 1554 2318 Orelli

269 2347 307 2372 24
332 2346 414 2373 quae
431 2336 568 2365 Rosius:
592 2341 654 2373 que
673 2334 711 2363 M
822 2344 862 2371 30
887 2333 999 2362 Itane?
1025 2333 1056 2361 in
1079 2332 1276 2371 chsenbetg:
1305 2331 1396 2361 Itane
1413 2331 1445 2360 in
1462 2330 1545 2369 vulg.
