1690 2710
539 127 648 162 EPP.
680 126 755 161 AD
785 124 1035 161 ATTICVM
1326 123 1432 158 XVI.
1453 121 1498 158 iii

144 239 185 276 in
209 235 455 276 attributione
475 234 568 272 mihi
593 233 750 271 nomina
776 232 915 281 ignota,
937 231 1155 277 conturbor,
1177 244 1249 268 nec
1276 244 1338 268 me
1358 232 1435 268 ulla

143 314 201 340 res
238 299 357 349 magis
393 298 497 347 angit
534 311 580 335 ex
612 296 801 334 omnibus.
880 295 1015 343 Itaque
1052 307 1128 331 non
1173 294 1266 330 milii
1303 294 1436 331 videor

142 376 284 402 errasse
314 363 419 411 quod
448 361 498 398 ad
530 360 694 398 Balbum
725 357 856 407 scripsi
884 357 1050 406 apertius
1078 365 1130 403 ut,
1162 356 1193 394 si
1230 356 1323 405 quid
1361 358 1435 394 talc

141 426 343 465 accidisset
371 432 412 462 ut
445 437 523 461 non
557 429 825 461 concurrerent
857 420 1024 466 nomina,
1047 420 1265 458 subveniret
1296 433 1434 468 meque

107 499 124 530 5
143 490 212 528 tibi
238 489 352 527 etiam
381 489 584 525 mandasse
613 494 664 533 ut,
694 486 724 523 si
753 485 846 534 quid
876 484 956 522 eius
981 484 1086 522 modi
1112 484 1323 529 accidisset,
1347 497 1433 521 cum

142 567 180 592 eo
213 552 525 591 communicares.
584 551 702 598 Quod
735 550 860 596 facies,
901 549 931 587 si
969 548 1038 586 tibi
1075 548 1275 595 videbitur,
1311 561 1436 597 eoque

144 616 274 664 magis,
295 615 326 653 si
346 613 595 664 proficisceris
615 613 653 650 in
675 612 845 662 Epirum.

198 680 308 716 Haec
341 691 411 726 ego
442 677 707 714 conscendens
738 689 758 713 e
792 675 1030 725 Pompeiano
1067 675 1186 713 tribus
1218 675 1434 713 actuariolis
1454 680 1480 716 6

145 741 444 780 decemscalmis.
504 743 642 778 Brutus
662 747 741 777 erat
762 740 798 777 in
827 740 972 777 Neside
998 740 1112 777 etiam
1133 753 1247 784 nunc,
1270 738 1435 788 Neapoli

90 819 128 841 10
147 805 310 845 Cassius.
371 804 521 853 Ecquid
549 817 654 841 amas
686 804 908 841 Deiotarum
938 811 974 842 et
1005 817 1083 841 non
1112 816 1216 840 amas
1248 802 1436 840 Hieram?

146 869 234 917 Qui,
257 876 297 906 ut
328 868 540 905 Blesamius
560 866 663 905 venit
688 869 737 904 ad
765 880 836 913 me,
858 880 945 904 cum
975 867 1009 904 ei
1038 866 1310 915 praescriptum
1338 873 1436 903 esset

144 945 193 970 ne
217 932 310 980 quid
339 932 420 969 sine
448 930 551 968 Sexti
576 930 694 967 nostri
722 930 911 968 sententia
936 937 1073 977 ageret,
1102 942 1227 978 neque
1253 931 1302 966 ad
1329 929 1435 966 illum

145 1009 270 1044 neque
303 995 352 1032 ad
386 1007 620 1043 quemquam
653 1001 826 1031 nostrum
857 993 1009 1030 rettulit.
1067 993 1233 1030 Atticam
1268 1000 1434 1030 nostram

145 1058 259 1107 cupio
287 1058 487 1095 absentem
516 1056 687 1094 suaviari.
748 1058 806 1093 Ita
830 1056 881 1093 mi
910 1056 1032 1094 dulcis
1059 1057 1159 1093 salus
1179 1055 1258 1092 visa
1286 1063 1342 1093 est
1370 1069 1437 1104 per

93 1132 126 1163 15
145 1129 182 1159 te
202 1121 317 1158 missa
335 1121 384 1157 ab
405 1120 477 1157 illa.
537 1121 694 1157 Referes
715 1119 825 1167 igitur
845 1119 878 1157 ei
905 1119 1106 1167 plurimam
1130 1119 1299 1167 itemque
1320 1119 1436 1157 Piliae

145 1184 251 1222 dicas
270 1183 393 1222 velim.

187 1289 252 1324 IV
400 1292 467 1323 Scr.
488 1292 521 1323 in
536 1291 714 1322 Pulcolzmo
732 1291 762 1321 ω’
776 1290 823 1320 Id.
849 1290 957 1329 Quint.
975 1300 1006 1322 a.
1030 1300 1084 1328 710
1102 1290 1188 1329 (44).

142 1345 144 1348 ’
541 1366 707 1397 CICERO
730 1367 761 1396 A
773 1366 906 1396 TTlco
927 1365 1033 1396 SAL.

201 1440 260 1476 Ita
285 1445 325 1476 ut
351 1437 431 1476 heri
456 1437 524 1475 tibi
551 1435 695 1474 narravi
720 1437 778 1474 vel
805 1437 963 1473 fortasse
986 1435 1103 1473 hodie
1124 1434 1308 1485 (Quintus
1334 1433 1436 1472 enim
1457 1443 1472 1468 1

91 1518 129 1540 20
146 1503 265 1540 altero
302 1501 365 1539 die
402 1514 442 1538 se
481 1499 635 1549 aiebat),
668 1500 706 1537 in
738 1499 883 1536 Nesida
917 1511 988 1536 vm
1024 1500 1127 1536 Idus.
1187 1498 1247 1536 Ibi
1286 1500 1434 1535 Brutus.

148 1567 276 1613 Quam
296 1565 358 1603 ille
379 1564 501 1603 doluit
521 1565 569 1602 de
591 1565 723 1601 NONrs
745 1564 870 1600 Ivms
887 1565 893 1599 l
924 1562 1079 1599 mirifice
1099 1569 1156 1599 est
1176 1561 1434 1599 conturbatus.

148 1631 285 1678 Itaque
324 1642 406 1666 sese
444 1627 670 1676 scripturum
708 1626 833 1664 aiebat
872 1632 911 1663 ut
944 1625 1187 1663 venationem
1224 1637 1308 1662 eam
1339 1636 1438 1672 quae

147 1692 330 1741 postridie
358 1692 470 1729 ludos
498 1689 730 1739 Apollinaris
759 1690 882 1726 futura
911 1695 966 1726 est
1005 1687 1282 1737 proscriberent
1318 1688 1358 1724 in
1392 1698 1436 1724 111

150 1766 240 1792 1Dvs
269 1765 483 1798 QleTrLls.
555 1753 654 1790 Libo
688 1751 898 1790 intervenit.
969 1752 1007 1788 Is
1043 1750 1243 1788 Philonem
1279 1749 1438 1799 Pompei

92 1833 129 1864 25
149 1818 326 1856 libertum
357 1825 394 1855 et
429 1817 605 1854 Hilarum
637 1829 748 1853 suum
780 1815 957 1852 libertum
989 1814 1137 1851 venisse
1162 1827 1184 1851 a
1208 1815 1321 1851 Sexto
1350 1826 1438 1850 cum

148 1881 279 1919 litteris
312 1882 361 1919 ad
390 1882 567 1918 consules
607 1879 684 1918 sive
719 1893 796 1928 quo
833 1879 907 1916 alio
946 1878 1102 1916 nomine
1140 1884 1238 1914 sunt.
1297 1878 1437 1914 Earum

148 1946 365 1994 exemplum
386 1944 497 1982 nobis
517 1943 617 1992 legit,
640 1943 669 1980 si
697 1943 790 1992 quid
810 1943 1009 1980 videretur.
1068 1943 1195 1979 Pauca
1215 1942 1311 1990 παρὰ
1327 1942 1436 1987 λέξιν,

149 2007 343 2057 ceteroqui
372 2015 409 2046 et
437 2007 526 2045 satis
554 2006 714 2056 graviter
743 2014 779 2044 et
813 2020 891 2044 non
925 2005 1211 2044 contumaciter.
1269 2006 1437 2042 Tantum

148 2072 239 2110 addi
280 2071 434 2121 placuit,
465 2072 570 2120 quod
604 2077 681 2108 erat
723 2081 824 2107 coss.
865 2071 999 2115 solum,
1040 2077 1081 2107 ut
1118 2076 1217 2107 esset
1257 2080 1435 2115 PRAETT.‚

93 2147 131 2178 30
149 2147 278 2173 TRIBB.
302 2147 372 2181 PL.‚
395 2146 577 2180 εΕΝΑΤνι,
599 2147 647 2172 ne
667 2133 718 2171 illi
739 2147 816 2171 non
837 2135 1045 2182 proferrent
1065 2146 1128 2172 eas
1149 2146 1246 2182 quae
1265 2134 1314 2170 ad
1335 2132 1437 2181 ipsos

195 2247 208 2267 1
234 2237 265 2266 in
282 2237 496 2267 attributione
514 2236 658 2266 Ernesti:
682 2246 744 2265 mn.
765 2236 798 2265 in
819 2234 903 2265 (odd.
920 2246 925 2264 z
951 2245 992 2264 ex
1011 2235 1225 2265 attributione
1241 2236 1316 2265 com'.
1334 2235 1437 2265 Boot:

149 2279 371 2310 attributionis
389 2278 488 2308 Orelli
591 2280 611 2308 6
635 2288 673 2308 co
691 2277 764 2309 add.
783 2278 868 2316 vulg.
995 2287 1030 2307 10
1057 2277 1195 2307 Hieram
1217 2277 1289 2308 Vt'cl.
1310 2289 1316 2308 ε
1342 2277 1437 2307 Eram

150 2321 191 2351 M
318 2331 354 2359 14
377 2322 546 2351 absentem
562 2331 589 2350 v.
609 2330 632 2350 c.
655 2320 680 2349 L
698 2322 836 2360 <math
857 2314 898 2348 Zb
917 2319 1003 2351 Crat.
1022 2331 1028 2349 :
1052 2330 1116 2349 om.
1137 2323 1191 2350 ΣΔ
1341 2329 1380 2358 23
1404 2319 1437 2349 in

151 2361 227 2394 add.
249 2362 432 2403 Wesenberg
558 2372 600 2400 30
623 2362 714 2400 ipsos
732 2362 784 2391 M¹
801 2373 809 2392 ·.
832 2372 867 2391 sc
885 2363 974 2400 ipsos
992 2360 1158 2392 EORM2s
