1590 2730
501 160 609 196 EPP.
640 161 715 196 AD
744 159 995 198 ATTICVM
1348 160 1415 195 IX.
1433 159 1477 194 xi

88 275 216 305 *strum
236 297 243 305 .
266 297 273 305 .
297 297 304 305 .
327 275 363 305 et
382 268 431 304 ad
451 266 591 304 civium
617 266 862 304 concordiam
882 279 948 315 per
968 274 1004 304 te
1027 280 1143 315 quam
1171 279 1385 304 accommo-

97 330 336 368 datissimum
367 329 589 367 conservari.
648 330 730 377 Ego
770 342 857 366 cum
887 336 1000 366 antea
1030 329 1098 366 tibi
1134 331 1183 366 de
1221 331 1386 366 Lentulo

97 393 232 441 gratias
252 393 422 441 egissem,
445 405 533 429 eum
553 391 587 429 ei
607 391 717 428 saluti
737 391 801 439 qui
830 391 921 427 mihi
947 392 1068 428 fuerat
1090 391 1233 436 fuisses,
1258 399 1385 428 tamen

97 455 204 493 lectis
236 455 316 493 eius
354 454 484 492 litteris
518 466 611 502 quas
648 454 698 490 ad
731 466 792 490 me
824 453 1036 501 gratissimo
1073 453 1203 490 animo
1240 454 1288 490 de
1322 460 1386 490 tua

61 532 77 563 5
97 518 319 555 liberalitate
350 517 615 565 beneficioque
653 515 766 563 misit,
795 518 981 555 †eandem
1016 529 1077 554 me
1110 518 1268 554 salutem
1300 529 1321 553 a
1349 523 1386 553 te

97 581 312 629 accepissem*
333 593 448 629 quam
468 580 541 617 ille.
590 581 636 617 In
657 592 771 628 quem
792 579 822 617 si
838 593 898 617 me
918 579 1104 629 intellegis
1125 592 1206 617 esse
1225 587 1382 628 gratum,

99 657 196 690 cura,
219 644 390 689 obsecro,
412 650 453 681 ut
472 643 586 680 etiam
607 642 645 680 in
667 642 893 692 Pompeium
914 656 997 680 esse
1016 643 1169 692 possim.

139 762 230 798 XII
357 765 425 797 Ser.
445 766 478 796 z'n
494 765 670 797 Formiano
683 766 742 797 m‘ii
755 766 795 797 K.
813 766 893 806 Apr.
912 777 943 797 a.
966 776 1019 806 705
1035 766 1118 808 (49).

499 829 663 860 CICERO
685 830 860 861 ATTICO
881 829 986 862 SAL.

44 913 80 935 10
152 896 336 944 Legeram
356 901 440 932 tuas
460 894 601 932 litteras
621 907 697 932 xm
725 898 784 940 K„
808 909 895 933 eum
917 896 1009 933 mihi
1036 896 1197 945 epistula
1220 897 1386 934 adfertur
1405 906 1421 933 1

99 971 122 996 a
141 959 263 1007 Lepta
282 958 606 996 circumvallatum
623 972 705 996 esse
723 959 960 1008 Pompeium,
978 959 1119 996 ratibus
1136 959 1249 996 etiam
1266 959 1386 996 exitus

99 1030 231 1071 portus
268 1022 396 1059 teneri.
466 1023 556 1059 Non
590 1022 738 1059 medius
772 1022 884 1059 fidius
916 1035 1004 1070 prae
1034 1022 1196 1059 lacrimis
1230 1035 1386 1071 possum

100 1085 244 1133 reliqua
273 1098 343 1122 nec
372 1084 536 1134 cogitare
566 1098 636 1122 nec
666 1085 837 1122 scribere.
899 1085 988 1122 Misi
1014 1087 1062 1123 ad
1092 1093 1128 1122 te
1157 1086 1383 1133 exemplum.

103 1149 265 1186 Miseros
303 1151 396 1186 nos!
436 1161 502 1185 cur
535 1161 613 1185 non
647 1161 781 1185 omnes
816 1150 935 1186 fatum
973 1149 1071 1186 illius
1109 1161 1184 1186 una
1221 1147 1388 1186 exsecuti

44 1229 80 1261 15
100 1213 259 1249 sumus?
315 1213 417 1249 Ecce
445 1218 573 1249 autem
602 1224 624 1248 a
654 1211 776 1248 Matio
805 1218 842 1248 et
870 1212 1052 1249 Trebatio
1081 1213 1226 1257 eadem,
1249 1211 1387 1259 quibus

102 1274 317 1313 Menturnis
350 1274 453 1311 obvii
486 1274 658 1312 Caesaris
693 1273 886 1311 tabellarii.
943 1276 1143 1323 Torqueor
1174 1273 1312 1319 infelix,
1347 1281 1388 1311 ut

100 1338 175 1375 iam
196 1338 302 1374 illum
324 1337 550 1374 Mucianum
589 1337 731 1375 exitum
753 1345 941 1386 exoptem.
999 1340 1051 1374 At
1080 1350 1193 1386 quam
1215 1338 1385 1383 honesta,

100 1409 138 1439 at
167 1415 281 1450 quam
311 1401 487 1449 expedita
517 1408 582 1437 tua
610 1400 777 1446 consilia,
805 1414 920 1449 quam
949 1400 1123 1448 evigilata
1151 1399 1223 1437 tuis
1252 1400 1389 1448 cogita-

99 1464 278 1510 tionibus,
302 1477 377 1512 qua
401 1463 552 1509 itineris,
577 1476 652 1512 qua
680 1463 939 1512 navigationis,
963 1477 1038 1512 qua
1067 1476 1288 1512 congressus
1318 1476 1389 1500 ser-

44 1544 83 1566 20
101 1528 302 1576 monisque
330 1540 418 1564 cum
449 1528 636 1565 Caesare!
693 1527 836 1565 Omnia
859 1540 946 1564 cum
973 1528 1133 1564 honesta
1159 1534 1239 1563 tum
1266 1534 1385 1564 cauta.

102 1593 148 1629 In
171 1591 328 1639 Epirum
349 1602 438 1627 vero
459 1589 629 1627 invitatio
656 1602 771 1638 quam
793 1590 927 1635 suavis,
946 1603 1061 1639 quam
1082 1590 1255 1636 liberalis,
1271 1603 1386 1639 quam

100 1656 283 1692 fraterna!

155 1720 214 1755 De
236 1718 423 1767 Dionysio
449 1732 533 1756 sum
560 1718 767 1757 admiratus
788 1719 853 1768 qui
872 1719 975 1767 apud
997 1732 1057 1756 me
1078 1717 1297 1755 honoratior
1316 1716 1385 1755 fuit
1404 1731 1428 1758 2

101 1794 216 1830 quam
239 1784 342 1831 apud
371 1782 589 1831 Scipionem
620 1782 846 1829 Panaetius;
874 1796 896 1819 a
922 1795 999 1831 quo
1019 1781 1272 1830 impurissime
1291 1782 1385 1818 haec

45 1859 82 1890 ²5
102 1852 230 1882 nostra
253 1847 403 1884 fortuna
426 1847 608 1895 despecta
634 1854 699 1884 est.
759 1846 836 1884 Odi
864 1845 1060 1883 hominem
1087 1852 1124 1882 et
1149 1846 1291 1891 odero,
1319 1844 1386 1881 uti-

102 1921 190 1945 nam
211 1909 340 1946 ulcisci
361 1923 513 1957 possem
532 1912 537 1946 l
594 1911 668 1947 Sed
694 1909 797 1946 illum
820 1911 1048 1946 ulciscentur
1069 1921 1191 1946 mores
1212 1907 1278 1944 sui.

154 1974 225 2017 Tu,
254 1985 407 2021 quaeso,
439 1986 542 2010 nunc
571 1974 630 2010 vel
660 1973 823 2010 maxime
856 1972 948 2021 quid
977 1973 1168 2020 agendum
1198 1971 1308 2009 nobis
1338 1970 1385 2009 sit
1403 1980 1427 2017 3

101 2034 235 2084 cogita.
305 2035 442 2085 Populi
469 2037 636 2074 Romani
666 2036 850 2074 exereitus
880 2037 949 2074 Cn.
975 2034 1201 2084 Pompeium
1230 2034 1386 2072 circum-

103 2100 221 2146 sedet,
255 2100 357 2138 fossa
393 2107 431 2137 et
462 2101 562 2138 vallo
599 2107 772 2149 saeptum
807 2106 922 2145 tenet,
958 2100 1045 2147 fuga
1074 2097 1276 2147 prohibet3
1317 2111 1387 2136 nos

147 2211 160 2231 1
181 2205 254 2241 post
268 2206 412 2232 vestrum
428 2202 500 2233 add.
520 2203 658 2232 amicum
676 2208 709 2233 et
725 2203 765 2232 ad
782 2206 923 2232 vestram
940 2200 1109 2231 Lehmann
1256 2210 1275 2239 3
1298 2200 1385 2240 cum]

104 2245 190 2282 quod
219 2245 295 2275 coni.
323 2244 439 2276 Lamb.
467 2245 522 2274 sed
549 2245 583 2283 cf
613 2245 706 2274 Fam.
737 2245 802 2274 xiii.
829 2255 879 2282 24.
907 2254 925 2272 2
1030 2248 1138 2273 tamen
1169 2241 1269 2273 O2Ms
1285 2255 1291 2273 ε
1322 2249 1387 2273 tum

104 2286 241 2316 EO¹RL
259 2288 394 2326 (marg.)
536 2297 554 2326 5
578 2286 645 2326 me]
663 2287 739 2316 mihi
757 2287 871 2316 videor
887 2286 981 2315 Klots:
996 2285 1143 2315 Schmidt
1282 2287 1302 2315 6
1321 2289 1391 2324 post

104 2329 272 2367 accepisse
285 2329 358 2358 add.
373 2330 483 2367 putavi
500 2333 567 2359 vett.
658 2330 698 2358 28
715 2328 931 2358 circumsedet
946 2327 1074 2358 Baiter:
1099 2327 1269 2358 circumset
1283 2332 1313 2357 et
1331 2325 1370 2356 M
1384 2338 1390 2357 ε

104 2371 312 2401 circumsidet
328 2370 367 2400 Μ
380 2371 514 2411 (marg.)
531 2371 612 2400 Boot

148 2434 207 2454 ele.
228 2434 273 2453 AD
290 2434 359 2454 ATT.
1267 2422 1307 2451 21
