1590 2730
491 148 599 185 EPP.
632 150 706 184 AD
735 151 986 187 ATTICVM
1260 153 1374 188 XIII.
1397 151 1442 186 iv

99 260 276 301 quaestor
303 253 372 291 fuit
400 267 514 302 quam
543 256 677 291 consul
708 255 929 292 Mummius.
988 258 1062 293 Sed
1092 257 1272 304 quoniam
1304 270 1380 293 sae-
1399 267 1423 293 2

98 315 182 364 pius
211 317 259 354 de
286 316 507 356 nominibus
534 317 682 365 quaeris
711 317 804 365 quid
832 320 989 366 placeat,
1022 332 1092 368 ego
1125 333 1278 367 quoque
1312 319 1379 356 tibi

98 379 247 428 saepius
277 381 490 428 respondeo
520 381 678 428 placere.
747 381 785 417 Si
815 381 908 429 quid
941 382 1090 429 poteris,
1122 395 1209 419 cum
1242 383 1379 419 Pisone

97 442 300 487 conficies;
340 443 457 480 Avius
495 443 597 480 enim
629 443 779 480 videtur
811 444 849 480 in
883 444 1008 481 officio
1039 446 1195 482 futurus.
1253 445 1378 482 Velim

60 513 184 552 5ante
216 505 348 555 possis,
384 505 415 543 si
446 505 580 551 minus,
617 506 749 555 utique
787 506 899 543 simul
933 507 1049 544 simus
1088 521 1205 556 quom
1240 510 1378 545 Brutus

96 568 221 606 veniet
243 568 282 605 in
308 570 580 606 Tusculanum.
639 569 772 618 Magni
795 570 949 607 interest
974 584 1058 607 mea
1082 584 1157 607 una
1185 584 1254 607 nos
1284 584 1376 608 esse.

96 631 199 669 Scies
231 640 358 669 autem
397 632 462 681 qui
499 632 580 670 dies
618 633 648 670 is
685 634 832 671 futurus
871 633 927 679 sit,
964 633 994 670 si
1027 646 1144 682 puero
1182 634 1375 682 negotium

96 694 244 732 dederis
273 703 314 732 ut
342 704 507 745 quaerat.

136 801 176 834 V
347 804 412 836 Ser.
430 806 462 836 1'12
485 805 664 836 Tusculano
678 806 709 837 iv
723 805 808 836 Non.
828 806 902 836 Iun.
923 817 951 836 a.
973 816 1030 846 709
1050 808 1129 847 145).

39 893 76 915 10
493 880 658 910 CICERO
680 880 855 911 ATTICO
876 880 979 912 SAL.

144 950 206 998 Sp.
230 949 463 987 Mummium
484 958 656 999 putaram
676 951 715 988 in
735 952 869 988 decem
890 952 1020 999 legatis
1047 952 1160 990 fuisse
1187 955 1253 991 sed
1277 954 1377 991 vide·
1395 964 1411 989 1

91 1011 178 1049 licet
211 1011 369 1061 (etenim
403 1014 569 1064 εὔλογον)
600 1014 700 1051 fratri
734 1014 858 1051 fuisse.
918 1015 1003 1052 Fuit
1033 1015 1134 1052 enim
1163 1018 1212 1053 ad
1246 1017 1377 1054 Corin-

91 1076 210 1112 thum.
270 1075 360 1112 Misi
380 1076 448 1113 tibi
468 1078 718 1126 Torquatum.
778 1078 1021 1126 Conloquere
1049 1086 1088 1115 tu
1113 1079 1267 1127 quidem
1289 1093 1376 1116 cum

92 1137 193 1183 Silio,
216 1146 257 1175 ut
283 1139 424 1185 scribis,
450 1148 487 1177 et
513 1153 612 1188 urge.
672 1142 783 1177 Illam
813 1140 915 1178 diem
946 1142 1108 1190 negabat
1135 1155 1217 1179 esse
1246 1155 1376 1180 mense

36 1213 71 1243 15
93 1200 209 1247 Maio,
233 1201 342 1238 istam
363 1215 441 1239 non
462 1204 634 1251 negabat.
694 1205 769 1241 Sed
799 1211 839 1240 tu
869 1212 909 1240 ut
939 1204 1068 1241 omnia
1096 1205 1193 1242 istuc
1222 1218 1375 1254 quoque

89 1276 177 1311 ages
198 1264 406 1313 diligenter.
466 1268 525 1302 De
555 1266 692 1315 Crispo
713 1274 749 1303 et
772 1269 939 1304 Mustela
967 1268 1110 1305 scilicet
1137 1281 1253 1316 quom
1283 1269 1376 1317 quid

89 1328 217 1376 egeris.
277 1329 471 1376 Quoniam
491 1332 541 1367 ad
559 1331 663 1367 Bruti
685 1332 893 1368 adventum
914 1333 992 1369 fore
1014 1340 1050 1369 te
1070 1332 1272 1369 nobiscum
1298 1334 1376 1381 pol·
1394 1342 1417 1369 2

89 1391 220 1438 liceris,
237 1392 325 1429 satis
346 1400 413 1438 est,
435 1394 654 1442 praesertim
676 1408 764 1432 cum
782 1394 820 1431 hi
842 1395 909 1432 tibi
930 1395 1011 1433 dies
1032 1395 1069 1432 in
1092 1409 1228 1444 magno
1247 1403 1375 1434 nostro

88 1455 242 1504 negotio
262 1464 544 1494 consumantur.

31 1615 69 1636 20
128 1601 193 1635 VI
251 1605 318 1637 Ser.
334 1606 477 1637 Asturae
493 1606 573 1638 med.
596 1618 639 1636 m.
659 1607 770 1637 Man..
789 1611 824 1636 ut
839 1607 968 1645 videtur,
985 1618 1014 1639 a.
1034 1618 1090 1647 709
1110 1609 1185 1647 (4)·Ἲ.

476 1692 644 1723 CICERO
674 1694 705 1722 A
718 1692 851 1722 TTICO
881 1692 984 1723 SAL.

140 1781 199 1817 De
230 1793 352 1829 aquae
386 1782 504 1819 ductu
542 1782 662 1830 probe
696 1780 827 1818 fecisti.
887 1780 1176 1817 Columnarium
1207 1781 1293 1819 vide
1324 1795 1371 1820 ne
1390 1792 1407 1818 1

85 1844 231 1879 nullum
261 1845 493 1889 debeamus3
527 1857 760 1893 quamquam
793 1843 885 1879 mihi
916 1842 1046 1879 videor
1073 1843 1225 1880 audisse
1253 1858 1275 1880 α
1303 1845 1372 1882 Ca-

84 1905 189 1943 millo
233 1916 507 1945 commutatam
546 1922 628 1945 esse
666 1910 797 1957 legem.
876 1906 1004 1943 Pisoni
1043 1905 1136 1954 quid
1173 1914 1229 1943 est
1266 1908 1413 1955 quod2

29 1979 64 2008 25
84 1969 280 2007 honestius
310 1973 538 2019 respondere
568 1971 757 2020 possimus
781 1984 896 2019 quam
919 1969 1164 2007 solitudinem
1186 1969 1371 2007 Catonis?

84 2034 167 2070 Nec
190 2034 442 2071 coheredibus
472 2036 595 2071 solum
622 2034 878 2072 Herennianis
908 2034 975 2070 sed
1003 2032 1126 2078 etiam,
1151 2040 1190 2069 ut
1217 2033 1288 2070 scis
1313 2034 1370 2082 (tu

126 2144 160 2163 11
185 2135 245 2164 sed
261 2135 318 2166 del.
338 2135 421 2166 Reid
536 2137 690 2167 videlicet
706 2137 801 2176 codd,
820 2139 855 2177 cf.
875 2149 902 2167 ν.
924 2148 970 2168 ΙΙ.
992 2149 1027 2176 7;
1052 2138 1204 2169 videlicet
1220 2136 1369 2179 (erravi)

86 2175 269 2216 lVesenbng
376 2189 413 2207 12
437 2179 558 2208 etenim
575 2178 724 2219 εὔλογον]
742 2190 815 2210 eum
832 2181 972 2219 legatum
992 2181 1144 2211 Graevius
1259 2190 1293 2217 14
1319 2180 1367 2219 et]

81 2219 140 2247 sed
161 2218 187 2247 L
210 2220 345 2259 (margss
366 2231 394 2251 v.
414 2231 435 2250 c.
567 2232 608 2251 20
631 2223 663 2251 iu
688 2222 866 2252 Tusculano
888 2224 918 2252 iv
937 2223 1019 2254 Non.
1042 2223 1115 2253 Iun.
1137 2224 1285 2262 scriptam
1308 2233 1370 2252 esse

80 2260 164 2290 lianc
177 2262 344 2300 epistulam
356 2266 452 2301 putat
462 2261 590 2293 Schiche
604 2264 660 2302 qui
672 2270 714 2303 ep.
733 2265 751 2293 6
765 2275 828 2294 non
846 2265 963 2295 divisit:
982 2265 1038 2295 sed
1050 2265 1116 2295 vide
1127 2265 1273 2295 Sclum'dt
1289 2265 1370 2294 'Der

81 2302 317 2342 Brtbfweclzsel‚'
332 2309 364 2344 p.
385 2315 442 2343 311
565 2315 605 2344 23
628 2317 647 2336 a
662 2306 734 2336 add.
752 2310 820 2336 vetl.
942 2309 982 2337 26
1006 2308 1046 2337 de
1063 2311 1134 2337 ante
1151 2308 1366 2337 coheredibus

80 2343 153 2375 add.
172 2344 355 2386 Wesenberg
454 2348 641 2378 Brinnianis
658 2349 735 2380 coni.
751 2349 849 2379 Orelli

123 2407 183 2429 cic.
203 2408 249 2429 AD
265 2409 336 2430 ATT.
1243 2405 1281 2434 29
