1590 2730
60 148 127 184 IX.
146 158 175 183 v
496 148 549 183 M.
581 147 743 183 TVLLI
773 145 1069 184 CICERONIS

241 265 375 303 Αὐτίκα
399 266 468 316 ’γάρ
495 282 551 302 τοι
580 265 701 302 ἔπειτα
728 263 807 313 μεθ’
831 263 987 312 ’Έκτορα
1011 264 1146 312 πότμος
1173 262 1322 312 ἕτοιμος,

139 345 247 383 matri
268 345 349 394 ipse
369 344 577 394 respondit,

296 425 431 461 Αὐτίκα
458 424 633 472 τεθναίην,
663 423 738 461 ἐπεὶ
765 425 827 461 οὐκ
856 422 908 472 ἄρ’
937 424 1091 472 ἔμελλον
1118 422 1242 474 ἑταίρῳ

295 488 502 538 κτεινομένῳ
530 490 769 535 ἐπαμῦναι,-

139 565 244 614 Quid
281 566 311 603 si
350 580 427 604 non
466 567 589 616 ἑταίρῳ
626 567 749 603 solum
780 566 847 603 sed
878 564 991 602 etiam
1025 565 1199 615 εὐεργέτῃ,
1231 563 1330 601 adde
1359 561 1458 605 tali5

139 628 217 666 viro
238 630 351 666 talem
380 642 533 666 causam
554 628 679 677 agenti
692 630 833 677 ?—ego
853 641 941 665 vero
961 629 1054 665 haec
1075 626 1198 664 officia
1218 626 1423 663 mercanda

138 691 214 728 vita
238 699 342 740 puto.
400 691 660 741 Optimatibus
688 705 777 729 vero
806 691 878 728 tuis
907 690 1000 727 nihil
1029 691 1193 735 confido,
1224 688 1319 725 nihil
1347 688 1421 725 iam

94 764 120 802 4
139 767 187 791 ne
207 754 368 792 inservio
388 755 555 803 quidem.
612 754 738 792 Video
765 761 805 791 ut
831 767 870 791 se
900 753 987 791 huic
1008 755 1109 798 dent,
1133 760 1173 789 ut
1193 751 1315 790 daturi
1335 751 1419 788 sint.

140 817 357 866 Quicquam
378 825 418 855 tu
440 818 502 854 illa
527 825 637 867 putas
657 817 770 855 fuisse
790 819 838 855 de
858 816 1075 854 valetudine
1095 818 1246 854 decreta
1266 813 1422 851 munici-

139 880 286 929 piorum
325 894 413 929 prae
450 880 508 918 his
546 882 594 918 de
627 880 782 918 victoria
813 879 1156 928 gratulationibus?
1224 878 1480 915 ‘Timent'xo

138 943 296 992 inquies.
354 945 405 980 At
438 943 508 992 ipsi
539 951 619 980 tum
651 957 690 981 se
722 943 891 980 timuisse
923 943 1066 980 dicunt.
1124 943 1199 980 Sed
1225 941 1422 979 videamus

138 1006 230 1055 quid
250 1014 378 1044 actum
399 1006 445 1044 sit
461 1006 649 1044 Brundisi.
708 1007 765 1042 Ex
780 1019 826 1043 eo
842 1007 998 1043 fortasse
1015 1006 1075 1043 νέα
1091 1004 1248 1043 consilia
1268 1015 1423 1041 nascen-

138 1076 196 1106 tur
214 1070 387 1119 aliaeque
407 1070 560 1108 litterae.

181 1230 246 1264 VI
405 1232 471 1263 διν.
493 1233 524 1262 ιἰι
542 1232 715 1262 Formiano
732 1242 750 1261 v
766 1230 816 1261 Id.
837 1230 932 1261 Mart.
954 1241 983 1261 a.
1004 1240 1058 1269 705
1074 1230 1157 1270 (49).

533 1311 699 1342 CICERO
722 1310 896 1341 ATTICO
917 1309 1022 1341 SAL.
1445 1320 1480 1351 ¹5

105 1403 121 1430 1
193 1390 274 1426 Nos
294 1389 420 1426 adhuc
436 1387 639 1425 Brundisio
660 1386 762 1423 nihil.
823 1389 948 1423 Roma
967 1385 1113 1434 scripsit
1131 1385 1272 1422 Balbus
1292 1391 1423 1432 putare

140 1451 214 1489 iam
237 1453 442 1489 Lentulum
463 1452 660 1488 consulem
675 1449 878 1486 tramisisse
898 1462 968 1486 nee
989 1462 1076 1486 eum
1096 1462 1118 1485 a
1138 1448 1283 1485 minore
1300 1447 1422 1484 Balbo

140 1522 383 1559 conventum,
406 1515 511 1562 quod
540 1513 570 1550 is
599 1514 672 1550 hoc
700 1513 774 1549 iam
799 1512 942 1550 Canusi
967 1511 1159 1557 audisset;
1188 1510 1277 1548 inde
1304 1511 1353 1547 ad
1383 1523 1423 1547 se

140 1591 227 1615 eum
257 1577 448 1625 scripsisse
464 1591 472 1622 ,-
514 1578 767 1624 cohortesque
797 1589 861 1613 sex
897 1588 995 1624 quae
1029 1575 1151 1612 Albae
1184 1573 1341 1611 fuissent
1373 1573 1422 1610 ad

141 1641 298 1680 Curium
329 1640 389 1676 via
423 1638 595 1676 Minucia
627 1639 827 1684 transisse3
868 1638 906 1675 id
941 1639 1142 1676 Caesarem
1175 1638 1224 1674 ad
1262 1649 1302 1674 se
1339 1634 1424 1673 scri·
1442 1648 1481 1669 20

140 1704 259 1754 psisse
279 1711 315 1741 et
335 1702 437 1740 brevi
459 1710 628 1751 tempore
649 1715 735 1739 eum
757 1703 805 1739 ad
833 1702 965 1738 urbem
985 1702 1163 1738 futurum.
1222 1701 1322 1748 Ergo
1342 1706 1424 1736 utar

141 1776 207 1805 tuo
226 1766 386 1804 consilio
410 1779 535 1814 neque
564 1778 624 1802 me
651 1764 838 1813 Arpinum
868 1765 941 1801 hoc
971 1771 1141 1812 tempore
1167 1762 1319 1807 abdam,
1341 1761 1421 1808 etsi,

141 1829 316 1868 Ciceroni
338 1842 424 1866 meo
445 1837 570 1877 togam
597 1841 729 1877 puram
751 1840 867 1876 quom
894 1828 983 1865 dare
1002 1825 1137 1875 Arpini
1156 1826 1302 1871 vellem,
1324 1825 1424 1862 hanc

140 1906 240 1930 eram
279 1892 399 1940 ipsam
438 1891 721 1929 excusationem
755 1890 950 1927 relicturus
980 1891 1029 1927 ad
1063 1890 1275 1927 Caesarem.
1347 1888 1423 1925 Sed

141 1958 296 1993 fortasse
320 1955 357 1991 in
387 1968 433 1993 eo
462 1954 545 2003 ipso
573 1955 796 1999 offendetur,
819 1967 885 1990 cur
903 1966 981 1990 non
1004 1954 1151 1989 Romae
1171 1950 1306 1999 potius.
1364 1952 1422 1988 Ac
1441 1962 1479 1993 25

141 2027 268 2056 tamen
297 2018 327 2055 si
356 2026 412 2055 est
440 2017 737 2061 conveniendus⁷
760 2016 822 2053 hic
850 2015 1101 2064 potissimum.
1158 2015 1259 2050 Tum
1280 2012 1424 2062 reliqua

140 2081 364 2125 videbimus,
388 2081 426 2118 id
447 2088 503 2118 est
523 2088 559 2118 et
580 2094 656 2128 quo
676 2087 712 2116 et
733 2092 808 2127 qua
828 2086 864 2116 et
884 2079 1049 2127 quando.

182 2184 203 2212 6
224 2182 328 2212 officia
346 2182 520 2212 mercanda
538 2181 564 2211 C
578 2180 634 2220 (cf.
656 2179 739 2210 Verr.
760 2190 789 2210 v.
810 2189 850 2217 23
866 2179 931 2209 vita
950 2178 1099 2215 redimi>z
1125 2178 1261 2208 officiam
1280 2177 1342 2216 (vel
1357 2178 1423 2207 affi-

142 2226 223 2254 ciam
241 2225 288 2254 vcl
304 2225 454 2262 efficiam)
474 2225 502 2253 ei
521 2224 660 2253 candida
683 2221 768 2252 codd.
784 2234 789 2252 :
816 2221 1027 2260 rependenda
1045 2220 1108 2259 (vel
1129 2220 1310 2259 pensanda)
1329 2218 1422 2249 Mad-

140 2268 195 2306 vig
282 2277 316 2296 12
342 2265 395 2295 νέα
410 2266 545 2304 Tyrrell:
571 2276 610 2295 ea
622 2265 670 2294 Μ’*
690 2277 696 2294 ;
720 2275 791 2294 mea
801 2263 874 2293 M²z
898 2263 961 2293 alia
971 2262 1086 2292 Lamb.
1103 2274 1109 2293 :
1133 2272 1207 2292 sera
1217 2261 1301 2292 Reid
1386 2262 1424 2291 16

141 2309 247 2348 putari
274 2308 370 2338 Orcllz'
487 2319 527 2338 20
551 2308 602 2337 via
620 2308 647 2337 Z
668 2306 871 2346 [Vesenbct-g:
897 2315 959 2335 om.
980 2304 1053 2334 Ml:
1079 2304 1111 2334 in
1131 2305 1182 2334 via
1199 2303 1253 2333 M²
1381 2312 1421 2342 25

140 2352 187 2382 Ac
206 2356 313 2381 tamen
331 2350 404 2380 coni.
428 2350 627 2388 chscnbcaeg:
651 2355 814 2379 sectamen
833 2347 882 2377 M¹
902 2359 907 2378 :
931 2347 988 2378 sed
1006 2352 1112 2377 tamen
1132 2347 1214 2386 vulg.
