1590 2730
517 135 625 170 EPP.
657 136 731 170 AD
761 137 1011 174 ATTICVM
1342 137 1410 172 XI.
1433 135 1560 172 xviia

129 237 345 285 persuaderi
373 240 476 275 nullo
507 239 624 275 modo
648 239 766 286 possit
793 253 837 276 ea
860 253 957 287 quae
984 240 1122 278 faciant
1147 241 1237 277 mihi
1264 243 1411 290 probari

129 314 250 349 posse,
273 315 429 350 quoquo
456 303 573 338 modo
594 303 736 349 loquar.
796 305 877 350 Ego
898 311 1025 340 tamen
1046 311 1128 340 utar
1152 306 1412 343 moderatione

128 377 203 411 qua
230 371 386 412 potero3
415 377 647 412 quamquam
669 364 761 413 quid
789 379 873 402 mea
899 365 1045 403 intersit
1064 374 1105 403 ut
1125 381 1256 404 eorum
1280 369 1409 406 odium

128 427 286 464 subeam
308 440 385 464 non
406 427 593 475 intellego.

90 501 106 531 5
147 482 153 491 ¹
179 491 236 527 Te
262 489 360 527 iusta
383 504 495 527 causa
519 489 692 539 impediri
713 504 790 539 quo
818 491 942 528 minus
969 493 1017 529 ad
1042 506 1111 529 nos
1135 493 1262 530 venias
1287 494 1409 540 video,
1431 508 1454 542 3

127 551 243 600 idque
286 552 378 589 mihi
419 554 528 590 valde
571 555 774 590 molestum
814 561 879 591 est.
944 556 1058 591 Illum
1091 556 1141 592 ab
1175 558 1411 594 Alexandrea

126 615 345 652 discessisse
374 629 488 653 nenio
513 616 663 653 nuntiat
686 624 912 665 constatque
939 632 987 654 ne
1013 620 1225 666 profectum
1255 620 1409 668 quidem

126 678 218 715 illim
239 692 470 727 quemquam
490 687 577 728 post
599 680 691 716 Idus
714 679 869 717 Martias
894 694 964 717 nec
985 688 1070 728 post
1091 683 1184 718 Idus
1207 683 1409 719 Decembr.

126 742 175 778 ab
195 741 259 779 illo
279 742 386 779 datas
406 743 500 778 ullas
519 742 670 779 litteras.
722 744 779 779 Ex
798 756 875 791 quo
895 742 1081 791 intellegis
1102 744 1195 782 illud
1211 746 1259 782 de
1279 745 1410 783 litteris

72 818 109 840 10
126 818 160 841 a.
187 805 224 842 d.
245 817 269 841 V
290 806 382 842 Idus
410 806 528 852 Febr..
543 805 652 851 datis,
677 807 783 854 quod
812 805 925 843 inane
954 814 1052 843 esset
1081 807 1194 844 etiam
1224 808 1253 845 si
1280 822 1407 845 verum

125 875 233 914 esset,
257 882 334 905 non
354 882 484 905 verum
509 882 602 906 esse.
662 871 703 905 L.
727 869 950 906 Terentium
974 869 1192 908 discessisse
1219 884 1262 908 ex
1282 872 1409 909 Africa

124 931 264 969 scimus
285 934 540 981 Paestumque
558 932 716 969 venisse.
772 933 877 980 Quid
897 932 927 970 is
947 935 1091 970 adferat
1111 942 1174 971 aut
1195 948 1271 982 quo
1292 936 1408 973 modo

122 994 253 1033 exierit
271 1003 336 1032 aut
356 995 448 1043 quid
469 995 507 1031 in
522 995 650 1032 Africa
671 997 735 1032 fiat
755 996 849 1033 scire
869 996 991 1033 velim.
1054 997 1201 1034 Dicitur
1220 998 1319 1034 enim
1342 1011 1408 1046 per

123 1057 325 1095 Nasidium
347 1058 507 1095 emissus
531 1072 622 1096 esse.
683 1060 729 1096 Id
749 1061 861 1107 quale
881 1059 928 1096 sit
948 1059 1072 1105 velim,
1094 1060 1124 1096 si
1144 1060 1340 1106 inveneris,
1358 1062 1407 1098 ad

68 1133 102 1165 15
123 1135 185 1158 me
204 1121 354 1158 scribas.
412 1123 471 1158 De
493 1123 561 1159 Hs
581 1125 619 1167 Ξῖ,
635 1129 676 1158 ut
695 1122 841 1169 scribis,
856 1122 1003 1160 faciam.
1052 1124 1158 1161 Vale.
1211 1135 1295 1160 XVII
1319 1125 1404 1161 Kal.

124 1185 314 1233 Quintilis.

163 1357 318 1392 XVIII
404 1360 471 1392 Ser.
490 1362 651 1392 Brundisi
661 1362 710 1392 xii
722 1363 764 1393 K.
785 1363 894 1401 Quint.
915 1374 942 1393 (ι.
965 1372 1022 1402 707
1038 1364 1122 1403 (47).

528 1450 697 1489 cicER‘o
721 1459 886 1489 ATTICO
912 1459 1005 1489 ΒΑΕ.

176 1546 235 1581 De
264 1543 361 1582 illius
388 1546 628 1582 Alexandrea
656 1545 825 1582 discessu
852 1545 945 1581 nihil
969 1547 1096 1582 adhuc
1123 1546 1295 1593 rumoris,
1319 1560 1405 1584 con·
1422 1557 1439 1583 1

65 1621 104 1642 20
122 1614 253 1656 traque
274 1608 404 1656 opinio
424 1610 534 1646 valde
561 1622 642 1646 esse
668 1608 906 1657 impeditum.
966 1611 1102 1658 Itaque
1129 1623 1199 1647 nec
1224 1609 1341 1655 mitto,
1364 1617 1405 1647 ut

121 1671 402 1718 constitueram,
432 1672 657 1710 Ciceronem
688 1680 723 1710 et
753 1680 789 1710 te
818 1686 909 1721 rogo
938 1680 978 1710 ut
1007 1686 1069 1710 me
1097 1673 1185 1710 hinc
1214 1674 1401 1722 expedias.

121 1734 295 1782 Quodvis
315 1735 417 1772 enirn
437 1736 665 1785 supplicium
686 1735 804 1774 levius
824 1744 881 1774 est
896 1737 967 1774 hac
988 1736 1262 1785 permansione.
1318 1739 1404 1774 Hac

119 1799 168 1835 de
194 1812 232 1835 re
255 1806 292 1835 et
314 1800 363 1836 ad
384 1799 596 1836 Antonium
624 1799 753 1848 scripsi
778 1808 815 1838 et
837 1802 886 1838 ad
908 1801 1071 1837 Balbum
1095 1808 1131 1837 et
1151 1801 1200 1837 ad
1221 1800 1400 1849 Oppium.

120 1861 205 1899 Sive
225 1862 327 1899 enim
349 1863 490 1900 bellum
512 1863 551 1900 in
573 1864 683 1901 Italia
702 1865 869 1901 futurum
890 1872 946 1901 est
967 1863 1044 1901 sive
1064 1863 1247 1901 classibus
1267 1872 1402 1910 utetur,

65 1937 100 1967 25
120 1924 181 1962 hic
210 1938 292 1963 esse
321 1939 382 1963 me
411 1926 568 1964 minime
597 1927 775 1964 convenit
790 1941 798 1973 3
827 1940 990 1975 quorum
1020 1929 1177 1964 fortasse
1201 1934 1403 1976 utrumque

119 1988 197 2034 erit,
229 1990 388 2026 alterum
423 1998 533 2028 certe.
605 1991 778 2028 Intellexi
815 1990 973 2028 omnino
1011 2004 1056 2027 ex
1090 1990 1192 2039 Oppi
1230 2003 1445 2029 sermone2

119 2064 233 2099 quem
260 2059 300 2089 tu
324 2052 415 2090 mihi
443 2053 623 2101 scripsisti
652 2067 750 2102 quae
776 2054 933 2091 istorum
960 2053 1012 2090 ira
1037 2061 1146 2099 esset,
1169 2055 1235 2091 sed
1256 2061 1296 2091 ut
1320 2068 1402 2091 eam

119 2115 248 2152 flectas
268 2123 304 2153 te
325 2129 426 2164 rogo.
485 2116 590 2153 Nihil
619 2117 778 2153 omnino
807 2116 881 2153 iam
909 2124 1086 2164 exspecto
1112 2116 1182 2153 nisi
1212 2117 1401 2163 miserum,

162 2226 180 2252 4
205 2225 245 2244 ne
261 2219 333 2244 ante
347 2216 481 2246 subeam
498 2217 569 2247 add.
593 2216 772 2255 chsenlmg
889 2219 909 2246 6
932 2217 958 2245 si
977 2220 1048 2246 ante
1062 2217 1233 2246 molestum
1250 2217 1338 2246 lmbct
1354 2217 1400 2256 M,

122 2257 204 2287 unde
219 2258 345 2288 scilicet
361 2258 456 2288 Klotz
553 2259 592 2288 ab
607 2260 672 2289 secl.
689 2259 798 2288 Baiter
926 2268 962 2296 15
987 2269 1056 2288 xvu
1075 2258 1165 2289 Man.
1184 2270 1190 2288 :
1214 2269 1299 2288 xvur
1316 2259 1400 2291 codd.

119 2300 178 2337 qui
194 2299 258 2329 dies
279 2300 333 2330 illo
355 2300 480 2339 quidem
505 2304 638 2340 tempore
662 2302 772 2330 nullus
786 2301 855 2339 snit
981 2311 1019 2338 27
1045 2301 1090 2330 ira
1109 2301 1141 2331 C.
1157 2301 1191 2331 F.
1207 2301 1380 2331 Hermann
1397 2313 1403 2331 :

122 2341 170 2371 via
185 2341 222 2371 M
