1590 2730
69 143 137 180 IX.
160 143 264 178 xviii
519 144 572 179 M.
603 142 767 179 TVLLI
797 141 1094 179 CICERONIS

163 251 310 288 senatui
331 264 407 288 non
435 253 582 299 placere
607 250 646 286 in
676 248 882 298 Hispanias
905 248 949 285 iri
975 261 1046 286 nec
1072 247 1255 285 exercitus
1274 247 1313 285 in
1334 249 1447 285 Grae-

163 313 260 351 ciam
282 313 533 362 transportari,
557 314 772 361 multaque’
790 312 945 360 inquam
964 314 972 330 ‘
990 312 1039 349 de
1060 312 1194 348 Gnaeo
1215 311 1448 359 deplorabo!

163 378 264 414 Tum
302 377 373 423 ille,
409 379 512 424 ‘Ego
546 389 634 413 vero
672 375 742 413 ista
775 374 851 412 dici
883 375 997 412 nolo.'
1055 376 1136 411 ‘Ita
1163 374 1367 422 putabam'
1395 373 1449 410 in-

165 453 305 488 quam3
337 441 424 476 ‘sed
448 452 517 487 ego
541 452 587 476 eo
615 440 704 476 nolo
734 440 868 475 adesse
894 439 999 486 quod
1027 445 1092 474 aut
1120 437 1173 474 sic
1202 437 1295 474 mihi
1323 437 1449 474 dicen-

165 505 256 540 dum
304 510 359 539 est
407 504 600 550 multaque
639 515 736 550 quae
775 503 880 538 nullo
918 502 1036 538 modo
1074 514 1225 549 possem
1274 500 1381 538 silere
1418 500 1486 543 si5

163 568 336 603 adessem
369 573 433 603 aut
465 579 541 603 non
571 565 827 603 veniendum)
884 566 1041 601 Summa
1073 564 1156 610 fuit,
1182 571 1223 600 ut
1251 562 1314 601 ille
1342 563 1450 612 quasi

164 629 305 666 exitum
326 642 519 677 quaerens,
555 632 618 665 ‘ut
649 628 920 665 deliberarem)
990 629 1081 665 Non
1111 626 1179 664 fuit
1218 627 1446 675 negandum.

167 693 225 728 Ita
244 691 496 729 discessimus.
547 692 673 729 Credo
694 690 805 738 igitur
821 692 923 727 hunc
944 703 1005 727 me
1025 703 1103 727 non
1123 703 1259 726 amare.
1308 691 1359 726 At
1379 702 1450 738 ego

166 764 228 789 me
247 751 379 796 amavi,
402 753 505 799 quod
526 751 618 787 mihi
639 751 712 787 iam
734 751 879 799 pridem
901 764 970 787 usu
991 764 1069 787 non
1089 749 1200 786 venit.

125 821 150 849 2
220 814 392 863 Reliqua,
421 827 444 851 o
473 814 533 851 dil
574 814 638 862 qui
669 813 880 860 comitatus,
907 826 1015 862 quae,
1041 821 1081 850 ut
1112 820 1151 850 tu
1182 814 1281 850 soles
1311 812 1448 858 dicere,
1471 827 1509 848 10

168 879 304 915 ινέκυιαῐ
334 877 370 913 in
392 890 467 926 qua
490 884 567 913 erat
587 877 677 925 ἥρως
698 878 818 914 Celer.
878 877 912 913 O
933 889 1011 913 rem
1037 875 1225 924 perditam
1243 879 1247 912 ἕ
1278 888 1301 912 o
1321 875 1450 923 copias
1500 915 1503 917 v

167 942 408 989 desperatas!
465 939 569 987 Quid
607 941 711 987 quod
750 938 853 976 Servi
892 938 1001 984 filius,
1038 940 1142 986 quod
1175 938 1294 975 Titini
1332 938 1370 975 in
1407 937 1451 975 iis

168 1003 296 1040 castris
333 1003 483 1040 fuerunt
522 1001 660 1050 quibus
700 1001 905 1050 Pompeius
945 1001 1306 1039 circumsederetur!
1380 1003 1453 1039 Sex

167 1067 357 1115 legionesg
405 1066 564 1102 multum
604 1065 740 1113 vigilat,
781 1066 906 1102 audet.
984 1066 1143 1101 Nullum
1180 1065 1292 1102 video
1336 1066 1452 1102 finem

169 1130 267 1167 mali.
317 1131 431 1166 Nunc
451 1135 551 1166 certe
572 1129 783 1177 promenda
804 1127 871 1165 tibi
893 1135 980 1165 sunt
1000 1128 1167 1165 consilia.
1223 1130 1311 1166 Hoc
1332 1130 1452 1166 fuerat
1473 1140 1510 1173 15

170 1201 389 1230 extremum.

127 1261 152 1299 3
224 1256 294 1292 Illa
321 1262 448 1292 tamen
476 1254 661 1293 κατακλεὶς
686 1253 784 1291 illius
814 1261 870 1291 est
897 1254 1030 1292 odiosa
1059 1268 1172 1303 quarn
1202 1268 1324 1303 paene
1350 1267 1453 1303 prae-

169 1317 261 1364 terii,
284 1317 314 1355 si
333 1317 405 1355 sibi
425 1318 591 1355 consiliis
613 1317 749 1355 nostris
771 1317 824 1354 uti
845 1330 924 1354 non
951 1317 1088 1365 liceret,
1113 1331 1268 1355 usurum
1289 1330 1452 1366 quorum

169 1388 297 1430 posset
332 1383 381 1418 ad
419 1381 624 1430 omniaque
662 1393 744 1418 esse
783 1381 1066 1418 descensurum.
1145 1381 1304 1418 ‘Vidisti
1342 1380 1454 1430 igitur

168 1445 299 1489 virum,
322 1451 362 1481 ut
382 1444 610 1493 scripseras?
639 1443 903 1492 ingemuisti?⁷
951 1445 1074 1482 Certe.
1135 1445 1266 1483 ‘Cedo
1286 1444 1452 1493 reliqua!
1472 1460 1512 1482 zo

170 1508 303 1556 Quid?
359 1508 554 1546 Continuo
583 1507 662 1555 ipse
692 1506 729 1543 in
758 1506 853 1544 Pedi
881 1507 1118 1552 Norbanum,
1147 1521 1217 1556 ego
1241 1507 1429 1556 Arpinum
1444 1519 1454 1553 3

168 1570 489 1620 inde—exspecto
503 1570 680 1619 equidem
696 1573 930 1621 λαλαγεῦσαν
941 1570 1043 1607 illam
1057 1577 1172 1607 tuam.
1208 1573 1216 1590 ‘
1230 1572 1290 1607 Tu
1304 1570 1433 1607 malim
1446 1570 1454 1586 '

211 1683 232 1712 9
254 1683 305 1703 me
321 1674 425 1702 amavi
448 1671 537 1702 Vi'ct.:
563 1683 666 1702 meam
684 1677 738 1703 aut
756 1673 828 1703 M1:
857 1683 907 1703 me
924 1673 1037 1703 amabo
1057 1673 1170 1703 O7M²s
1269 1683 1306 1704 10
1330 1674 1455 1712 reliqua

170 1717 223 1746 odi
241 1716 345 1753 Meyer
472 1725 504 1744 11
530 1715 605 1753 ἥρως
630 1715 725 1745 Celer
751 1716 816 1754 (Ae.
843 1716 879 1753 Q.
903 1716 1007 1745 Pilius
1030 1715 1126 1745 Celer]
1152 1715 1344 1746 Lehmann:
1379 1727 1454 1747 eros

172 1758 259 1788 celer
275 1757 336 1787 Zl:
365 1768 420 1787 ero
437 1759 542 1787 sceler
561 1758 601 1787 Ο1
619 1771 624 1788 ;
659 1768 715 1787 ero
740 1758 858 1787 sceleri
878 1758 920 1787 O*
934 1758 986 1786 M¹
1003 1769 1009 1787 ε
1042 1768 1100 1787 ero
1116 1759 1276 1788 scelerum
1293 1759 1344 1787 R:
1370 1759 1454 1789 Eros

173 1801 298 1831 Celeris
316 1800 491 1831 Corradus:
524 1805 616 1830 erant
633 1811 721 1830 mera
738 1801 862 1830 scelera
877 1799 999 1838 Meyer:
1032 1804 1120 1829 errat
1141 1800 1216 1838 ἥρως
1233 1801 1286 1839 (sc.
1307 1801 1455 1836 Caes-arm

172 1841 368 1873 ceteri—W
381 1841 545 1872 Headlam
638 1853 675 1872 12
692 1843 769 1881 quid
788 1868 792 1874 .
813 1866 818 1872 .
840 1866 846 1873 .
864 1843 895 1871 in
913 1843 951 1871 iis
967 1836 1018 1871 ΖΠ)
1034 1853 1061 1871 v.
1074 1853 1094 1871 c.
1110 1846 1138 1872 et
1153 1842 1181 1871 L
1193 1843 1333 1882 (ωηιξη)
1348 1855 1353 1873 :
1379 1843 1455 1881 quid

174 1885 266 1916 Servi
284 1886 369 1915 filius
384 1889 464 1924 quot
482 1890 515 1914 ut
532 1886 565 1914 in
583 1885 633 1914 his
651 1885 707 1914 M:
734 1886 812 1923 quid
834 1885 918 1922 quod
937 1885 1031 1914 Servi
1051 1885 1145 1916 filius,
1163 1886 1250 1923 quod
1268 1886 1350 1915 Tulli
1368 1886 1398 1914 in
1416 1885 1456 1915 iis

177 1928 288 1957 Lamb.
315 1928 377 1957 coll.
405 1938 425 1956 x
449 1937 500 1965 3A
524 1938 566 1957 2:
601 1928 698 1965 Quid,
728 1928 822 1957 Servi
849 1927 945 1964 filius,
971 1927 1108 1956 Pontius
1134 1927 1318 1957 Titinianus
1344 1928 1375 1956 in
1404 1927 1457 1957 his

174 1969 340 2005 Sclnnidt3
372 1970 486 2008 defilt'o
508 1970 608 2005 Titini,
629 1970 664 2008 cs.
682 1971 711 1999 6.
729 1972 758 2007 6,
777 1981 806 2008 9.
826 1979 850 2008 1,
874 1979 922 2007 19.
939 1980 958 1998 2
1140 1980 1176 2007 13
1195 1973 1268 2010 post
1290 1971 1356 2000 Sex
1382 1969 1455 2009 (sed

175 2011 278 2050 codd.)
297 2012 368 2041 add.
389 2013 486 2042 habet
512 2013 631 2042 selum
728 2022 764 2050 15
791 2012 864 2041 Hoc
888 2012 993 2041 fuerat
1010 2016 1192 2042 extremum
1208 2013 1273 2043 secl.
1295 2011 1462 2041 Meutzner

175 2058 344 2093 tamquam
356 2056 515 2095 glossema
533 2058 568 2084 ut
582 2054 703 2084 videtur
715 2065 775 2085 voc.
795 2053 956 2083 κατακλείς
1106 2064 1142 2084 21
1171 2055 1249 2084 Pedi
1269 2054 1457 2084 Norbanum

176 2097 340 2127 Schmidt:
366 2098 563 2137 pel(l‘)anum
581 2097 665 2126 codd.
683 2108 688 2126 :
726 2097 892 2126 Pedanum
909 2097 993 2135 vulg.
1063 2107 1124 2135 ego
1140 2107 1202 2126 om.
1221 2096 1274 2125 M1
1416 2105 1456 2125 22

179 2140 464 2178 inde—Exspecto
482 2140 670 2169 Lehmann:
699 2138 780 2168 Inde
799 2143 956 2177 exspecto
973 2139 1058 2178 vulg.
1149 2140 1299 2176 equidem
1318 2137 1423 2167 Lamb
1447 2148 1453 2167 :

178 2183 309 2220 quidem
337 2182 420 2212 codd.
526 2181 727 2219 λαλαγεῦσαν
757 2181 882 2219 Bosins,
909 2181 944 2219 qf.
969 2191 995 2218 7.
1017 2190 1035 2219 5
1060 2184 1088 2210 et
1110 2181 1243 2210 Antlzol.
1269 2181 1340 2211 Pal.
1365 2190 1397 2209 x.
1423 2190 1457 2209 1:

179 2228 411 2255 AAATEACAN
434 2222 475 2252 M
584 2223 692 2253 malim
704 2223 785 2253 Boot
802 2222 1020 2262 <Mnemosyne
1042 2222 1132 2252 xviii.
1149 2223 1225 2261 356)
1243 2234 1249 2252 :
1272 2224 1390 2253 malum
1407 2221 1457 2251 M¹

180 2267 287 2305 vulga
313 2267 427 2296 malem
452 2264 552 2295 RP12
587 2265 712 2295 mallem
736 2265 800 2294 Os:
835 2265 917 2294 male
942 2264 989 2294 vel
1009 2264 1137 2294 mallem
1159 2264 1234 2303 M²3
1267 2265 1302 2303 cf
1326 2264 1461 2303 Madvtg

183 2310 190 2326 ‘
206 2308 386 2348 Opnscula'
405 2309 436 2337 ii.
455 2317 512 2345 105
