1590 2730
58 123 150 160 XII.
169 123 275 158 xxvi
531 124 585 160 M.
615 124 779 160 TVLLI
808 124 1105 162 CICERONIS

175 230 247 268 bus
266 230 423 279 ignosco
443 243 586 279 eaeque
611 230 704 267 mihi
731 238 818 268 sunt
844 239 967 269 notae.
1026 233 1087 269 De
1105 233 1302 268 voluntate
1326 238 1392 268 tua
1415 238 1457 268 ut

130 304 154 332 2
174 292 286 330 simul
306 293 422 330 simus
439 295 497 330 vel
518 293 644 330 studio
664 293 790 342 potius
811 301 848 331 et
868 294 1075 342 cupiditate
1095 307 1173 331 non
1193 293 1339 331 dubito.
1397 296 1457 331 De

174 356 286 394 Nicia
311 358 415 405 quod
443 356 584 402 scribis,
607 356 637 393 si
665 356 717 393 ita
745 370 806 393 me
834 357 1014 394 haberem
1043 364 1085 394 ut
1113 356 1193 394 eius
1220 356 1456 393 humanitate

172 418 244 456 frui
271 432 434 468 possem,
462 419 501 455 in
529 419 659 468 primis
687 421 823 457 vellem
855 419 960 456 illum
992 433 1144 457 mecum
1173 420 1324 457 habere.
1381 420 1457 456 Sed

173 482 266 518 mihi
295 482 461 519 solitudo
488 489 524 519 et
553 495 721 519 recessus
750 482 944 530 provincia
972 490 1038 519 est.
1097 483 1213 529 Quod
1234 481 1323 530 quia
1347 481 1456 519 facile
1479 497 1490 503 ·

171 546 315 582 ferebat
345 545 463 589 Sicca,
494 558 541 581 eo
571 544 689 592 magis
727 544 833 581 illum
872 544 1058 582 desidero.
1127 547 1324 582 Praeterea
1356 544 1455 581 nosti

172 607 306 645 Niciae
353 607 471 644 nostri
517 607 831 653 imbecillitatem,
878 608 1087 653 mollitiam,
1137 607 1455 645 consuetudinem

171 670 301 707 victus.
360 671 438 708 Cur
467 683 555 718 ergo
586 670 638 706 illi
670 672 851 707 molestus
885 684 967 707 esse
998 670 1122 715 velim,
1150 684 1237 707 cum
1271 669 1364 706 mihi
1394 670 1456 707 ille

171 732 360 770 iucundus
381 746 463 770 esse
483 746 561 769 non
581 732 730 780 possit?
784 735 971 770 Voluntas
992 741 1119 770 tamen
1140 733 1220 770 eius
1240 732 1333 769 mihi
1352 740 1455 780 grata

171 803 237 833 est.
294 797 420 832 Vnam
440 809 519 832 rem
538 796 587 832 ad
608 808 669 832 me
695 795 897 843 scripsisti3
925 797 974 832 de
994 809 1069 844 qua
1094 795 1244 833 decrevi
1267 794 1361 831 nihil
1387 794 1454 832 tibi

170 857 385 895 rescribere.
443 859 562 906 Spero
586 857 687 894 enim
709 870 770 894 me
789 870 811 894 a
831 865 868 894 te
888 857 1109 906 impetrasse
1135 865 1176 895 ut
1201 857 1365 907 privares
1393 870 1455 895 me

170 920 241 958 ista
260 919 443 957 molestia.
501 919 619 957 Piliae
639 927 676 957 et
696 919 846 957 Atticae
867 922 1036 957 salutern.

212 1023 385 1058 XXVII
491 1025 558 1057 Scr.
577 1026 720 1056 Asturae
735 1037 758 1055 x
772 1026 812 1056 K.
833 1025 864 1055 A
865 1032 914 1066 pr.
933 1037 961 1057 a.
984 1037 1040 1066 709
1060 1027 1138 1067 (45).

566 1101 732 1132 CICERO
761 1101 936 1132 ATTICO
963 1100 1065 1132 SAL.

136 1181 156 1210 1
225 1174 285 1210 De
305 1172 447 1210 Siliano
467 1171 632 1220 negotio,
654 1171 724 1209 etsi
754 1171 845 1208 mihi
870 1185 948 1209 non
974 1179 1030 1209 est
1050 1171 1178 1220 ignota
1198 1171 1386 1218 condicio,
1403 1179 1453 1209 ta—

172 1249 260 1273 men
280 1236 397 1272 hodie
418 1248 479 1272 me
502 1248 547 1272 ex
576 1234 685 1272 Sicca
712 1235 871 1272 arbitror
899 1234 1029 1271 omnia
1057 1235 1307 1282 cogniturum.
1366 1236 1455 1273 Cot-

169 1306 229 1336 tae
258 1299 363 1347 quod
394 1311 508 1346 negas
538 1305 575 1335 te
603 1311 727 1342 nosse,
759 1299 855 1334 ultra
884 1298 1064 1335 Silianam
1085 1297 1212 1334 villam
1241 1305 1307 1344 est,
1338 1310 1454 1346 quam

170 1368 263 1410 puto
296 1360 364 1398 tibi
392 1368 523 1398 notam
553 1373 645 1406 esse,
676 1360 804 1397 villula
832 1360 986 1397 sordida
1016 1368 1052 1397 et
1082 1361 1192 1397 valde
1225 1360 1370 1409 pusilla,
1401 1360 1454 1397 nil

168 1425 255 1474 agri,
281 1425 330 1461 ad
363 1425 506 1460 nullam
536 1437 614 1460 rem
645 1423 717 1460 loci
748 1423 836 1460 satis
865 1423 935 1460 nisi
964 1424 1014 1460 ad
1043 1437 1126 1460 eam
1155 1437 1270 1472 quarn
1299 1436 1451 1472 quaero.

170 1490 316 1537 Sequor
345 1487 622 1524 celebritatem.⁴
674 1488 749 1524 Sed
779 1487 808 1524 si
838 1486 1029 1535 perficitur
1057 1488 1105 1524 de
1134 1487 1252 1525 hortis
1281 1487 1360 1533 Sili,
1379 1488 1454 1524 hoc

170 1558 226 1589 est
259 1551 289 1588 si
320 1550 468 1598 perficis
503 1550 575 1599 (est
605 1549 707 1587 enirn
738 1557 861 1587 totum
899 1550 1065 1599 positum
1098 1550 1137 1587 in
1171 1550 1236 1600 te),
1272 1550 1365 1588 nihil
1397 1558 1454 1588 est

170 1613 314 1651 scilicet
333 1614 437 1661 quod
458 1614 506 1650 de
528 1614 665 1651 Cottae
686 1613 905 1661 cogitemus.

126 1685 151 1712 2
225 1678 285 1714 De
318 1676 504 1714 Cicerone
533 1683 573 1712 ut
602 1675 733 1713 scribis
767 1675 817 1712 ita
848 1676 1010 1723 faciam;
1052 1676 1122 1725 ipsi
1156 1676 1371 1725 permittam
1404 1678 1453 1715 de

171 1746 352 1787 tempore.
411 1740 666 1776 Nummorum
689 1747 874 1787 quantum
895 1752 990 1787 opus
1011 1740 1079 1777 erit
1100 1748 1139 1776 ut
1159 1747 1393 1788 permutetur
1413 1748 1452 1777 tu

169 1802 326 1840 videbis.
386 1804 442 1838 Ex
462 1801 600 1839 Aledio
621 1803 725 1850 quod
749 1802 890 1839 scribas
917 1802 946 1839 si
973 1803 1065 1850 quid
1092 1803 1278 1840 inveneris
1299 1803 1449 1841 scribes.

170 1866 220 1902 Et
247 1878 318 1913 ego
347 1879 391 1902 ex
421 1865 493 1902 tuis
521 1865 784 1903 animadverto
809 1865 940 1903 litteris
961 1873 997 1903 et
1017 1867 1187 1914 profecto
1217 1873 1256 1903 tu
1286 1880 1331 1904 ex
1359 1866 1452 1904 meis

169 1927 262 1964 nihil
284 1928 424 1965 habere
451 1941 520 1965 nos
544 1929 649 1976 quod
676 1928 908 1965 scribamus:
938 1929 1073 1966 eadem
1100 1924 1240 1966 cotidie
1260 1942 1358 1977 quae
1377 1928 1452 1966 iam

212 2038 230 2056 2
256 2028 305 2057 De
332 2028 425 2057 Nicia
443 2052 449 2057 .
469 2051 476 2058 .
496 2051 503 2057 .
523 2031 618 2065 grata
644 2032 693 2057 est
721 2027 752 2061 (l.
774 2028 835 2062 10>
863 2027 953 2058 habet
975 2028 1163 2067 plerumque
1189 2027 1362 2058 Suetonius
1386 2027 1454 2058 ‘De

172 2069 414 2099 Grammaticus·
435 2081 471 2107 14
609 2079 628 2108 5
653 2070 835 2109 provincia]
863 2080 922 2108 pro
950 2070 1038 2099 victu
1064 2070 1189 2108 Kayser
1271 2070 1369 2108 Quod
1386 2093 1393 2100 .
1413 2093 1420 2100 .
1441 2093 1448 2100 .

171 2112 322 2142 desidero
345 2123 409 2143 om.
435 2111 609 2141 Suetonius
736 2123 752 2150 7
778 2112 944 2141 mollitiem
958 2111 979 2141 I
1123 2113 1142 2141 8
1166 2122 1238 2142 esse
1262 2112 1283 2141 I
1298 2116 1326 2142 et
1343 2112 1452 2142 Suet.:

169 2164 233 2184 om.
252 2153 292 2183 M
373 2154 469 2184 velim
486 2177 492 2184 .
514 2178 520 2184 .
538 2177 544 2184 .
566 2164 631 2183 non
655 2163 718 2184 om.
744 2153 915 2183 Suetonius
1063 2165 1084 2192 9
1107 2155 1228 2192 possim
1249 2154 1313 2193 (vel
1327 2164 1391 2184 -em
1407 2153 1456 2184 vel

169 2196 250 2233 -um)
280 2196 390 2226 codices
414 2196 550 2226 Suelom'
688 2197 725 2225 16
756 2196 873 2225 Cottae
902 2191 994 2226 Csz
1034 2201 1126 2226 cocte
1159 2196 1272 2226 ORP:
1306 2200 1394 2226 certe
1425 2200 1453 2225 Δ

173 2248 211 2276 19
232 2239 295 2268 nisi
316 2238 518 2277 Wesenberg:
550 2238 629 2267 nihil
652 2237 738 2267 codd.
896 2248 936 2267 22
960 2239 1075 2268 Cottae
1100 2238 1240 2267 Miiller:
1274 2238 1370 2268 Cotta
1394 2237 1456 2274 (vel

172 2280 276 2319 cocta]
297 2279 381 2310 codd.
511 2289 551 2318 25
574 2279 697 2309 scribas
718 2278 914 2318 lVasenbmg:
941 2280 1053 2310 scribis
1067 2280 1151 2309 codd.
