1795 2745
172 131 278 167 XIV.
297 131 372 166 xix
675 129 728 167 M.
760 131 921 166 TVLLI
953 130 1250 168 CICERONIS

312 251 451 276 naeum
480 237 620 276 litteras
650 237 882 275 reddidisse!
938 239 998 275 Tu
1018 251 1106 275 vero
1127 251 1214 274 cum
1236 237 1369 276 Cassio
1394 246 1435 276 ut
1464 245 1599 287 cetera.

313 303 440 350 Quam
472 303 676 338 commode
709 309 835 338 autem
871 302 975 349 quod
1006 301 1044 338 id
1078 301 1203 349 ipsum
1238 303 1342 349 quod
1373 315 1434 340 me
1468 315 1602 340 mones

312 364 527 412 quadriduo
550 372 638 401 ante
663 365 711 401 ad
741 377 828 401 eum
858 364 1078 412 scripseram
1108 366 1403 413 exemplumque
1432 378 1601 402 mearum

312 428 518 465 litterarum
542 429 591 464 ad
615 435 651 464 te
679 428 851 464 miseram
873 430 878 463 1
935 429 1010 464 Sed
1031 440 1118 464 cum
1139 441 1184 464 ex
1207 428 1430 465 Dolabellae
1449 428 1602 482 †aritia†

313 491 382 541 (sic
403 491 505 528 enim
525 499 564 528 tu
585 492 634 528 ad
658 504 719 527 me
746 490 963 541 scripseras)
983 504 1120 540 magna
1145 491 1410 539 desperatione
1429 493 1601 529 adfectus

135 597 147 602 ,
311 566 450 601 essem,
478 567 567 592 ecce
605 554 673 591 tibi
707 561 743 591 et
778 554 883 590 Bruti
914 562 951 591 et
982 562 1068 591 tuae
1100 554 1270 591 litterae!
1327 556 1397 592 Ille
1429 555 1601 592 exsilium

14 590 497 680 MQmeditari.
555 618 637 654 Nos
663 624 789 654 autern
816 617 932 653 alium
961 624 1112 672 po-rtum
1141 617 1356 667 propiorem
1380 617 1469 655 huic
1488 618 1601 655 aetati

311 680 561 726 videbamu83
607 680 645 716 in
683 693 797 728 quem
840 681 990 717 mallem
1035 680 1214 728 equidem
1253 680 1406 728 pervehi
1443 682 1601 718 florente

313 745 431 780 Bruto
460 751 589 780 nostro
618 743 900 791 constitutaque
927 756 965 780 re
988 743 1151 791 publica.
1210 744 1285 780 Sed
1309 757 1411 780 nunc
1431 743 1598 792 quidem,

11 782 274 880 gmzssffl‘
311 814 352 844 ut
385 798 638 856 scribisssngn
672 806 866 859 thnvis.
924 805 1137 843 Adsentiris
1168 806 1270 843 enim
1301 799 1394 843 mihi
1431 814 1599 844 nostram

254 869 265 876 ⁴
310 877 474 907 aetatem
494 883 516 906 a
535 869 674 914 castris,
698 869 916 918 praesertim
937 869 1120 914 civilibus,
1143 870 1355 907 abhorrere.

269 942 292 968 2
362 932 554 970 Antonius
580 933 629 969 ad
657 945 717 969 me
744 939 891 969 tantum
912 933 960 969 de
981 931 1120 969 Clodio
1147 932 1344 981 rescripsit,
1367 945 1491 970 meam
1511 933 1601 970 leni-

311 1003 426 1033 tatem
454 1003 490 1033 et
516 994 758 1032 clementiam
785 1002 822 1032 et
850 994 921 1031 sibi
951 1008 1032 1032 esse
1060 1003 1203 1043 gratam
1230 1003 1266 1032 et
1295 995 1388 1032 mihi
1416 996 1600 1044 voluptati

272 1085 275 1089 -
311 1072 470 1107 magnae
499 1060 587 1096 fore.
646 1060 720 1095 Sed
743 1060 866 1095 Pansa
887 1059 1008 1095 furere
1028 1058 1176 1095 videtur
1201 1059 1248 1095 de
1269 1059 1408 1096 Clodio
1431 1058 1599 1108 itemque

311 1123 359 1159 de
374 1122 555 1159 Deiotaro
576 1130 612 1159 et
632 1121 797 1170 loquitur
817 1134 955 1168 severe,
978 1121 1006 1158 si
1028 1121 1118 1158 velis
1139 1123 1301 1159 credere.
1350 1124 1449 1160 Illud
1470 1130 1597 1160 tamen

310 1198 388 1222 non
413 1186 520 1231 belle,
544 1192 584 1222 ut
610 1185 703 1221 mihi
725 1185 880 1233 quidem
901 1185 1058 1230 videtur,
1081 1187 1185 1233 quod
1212 1187 1353 1222 factum
1375 1187 1598 1223 Dolabellae

268 1259 291 1295 3
310 1250 554 1286 vehementer
574 1248 773 1297 improbat.
829 1250 887 1285 De
908 1247 1110 1294 coronatis,
1131 1261 1218 1284 cum
1239 1248 1375 1285 sororis
1395 1256 1481 1286 tuae
1501 1249 1599 1286 filius

189 1312 191 1314 ’
308 1325 331 1349 a
367 1319 471 1360 patre
509 1319 707 1349 accusatus
745 1318 853 1357 esset,
894 1311 1082 1359 rescripsit
1119 1324 1159 1348 se
1203 1324 1383 1348 coronam
1421 1312 1598 1349 habuisse

23 1368 225 1437 Μἰἓῦῶ,
310 1375 464 1412 honoris
485 1374 656 1413 Caesaris
677 1387 799 1420 causa,
823 1373 994 1426 po-syisse
1020 1375 1142 1410 luctus
1171 1374 1288 1428 gratia
1305 1388 1314 1419 5
1346 1382 1538 1423 postremo
1559 1388 1608 1413 sev

310 1438 471 1475 libenter
490 1437 805 1486 vituperationem
832 1437 958 1474 subire
978 1438 1083 1486 quod
1108 1445 1250 1474 amaret
1271 1437 1383 1474 etiam
1405 1446 1596 1475 mortuum

312 1502 525 1539 Caesarem.

266 1571 293 1608 4
364 1565 426 1601 Ad
466 1564 718 1609 Dolabellam,
758 1576 872 1611 quem
916 1564 964 1600 ad
1003 1564 1162 1600 modum
1200 1563 1268 1601 tibi
1306 1564 1400 1601 dicis
1438 1566 1599 1613 placere,

311 1626 440 1676 scripsi
470 1626 678 1675 diligenter.
737 1627 819 1674 Ego
848 1625 962 1663 etiam
990 1627 1039 1663 ad
1069 1626 1217 1663 Siccam
1234 1641 1243 1673 3
1277 1626 1344 1663 tibi
1374 1628 1447 1664 hoc
1476 1628 1599 1665 oneris

1621 507 1638 537 5

1623 822 1659 844 10

1620 1137 1655 1168 15

1633 1366 1788 1398 m

1619 1403 1730 1473 20⁴3

1621 1768 1657 1799 25

22 1669 69 1728 ¹7
170 1725 181 1733 ‚
207 1678 218 1686 .
311 1706 388 1730 non
405 1692 573 1741 impono.
616 1693 719 1729 Nolo
739 1699 775 1728 te
796 1691 901 1728 illum
922 1691 1055 1728 iratum
1079 1671 1374 1729 habere.'‘Servi
1390 1692 1598 1729 orationem

9 1731 237 1810 hm,
310 1769 529 1804 cognosco3
568 1755 606 1792 in
640 1768 715 1803 qua
745 1756 828 1803 plus
863 1754 1007 1792 timoris
1037 1754 1150 1792 video
1179 1768 1293 1803 quam
1323 1755 1467 1792 consili.
1524 1757 1599 1793 Sed

11 1778 275 1855 'lahama-
310 1819 492 1867 quoniam
521 1818 704 1867 perterriti
733 1831 867 1856 omnes
897 1831 1037 1864 sumus,
1063 1818 1256 1855 adsentior
1279 1814 1418 1856 Servio.
1476 1819 1600 1856 Publi-
1643 1851 1646 1854 .

8 1849 295 1934 “WQJ
310 1882 380 1919 lius
407 1862 717 1919 tecum⁸tricatus
747 1889 812 1918 est.
874 1883 964 1918 Huc
991 1880 1092 1918 enim
1114 1881 1298 1918 Caerellia
1318 1881 1434 1918 missa
1452 1882 1501 1918 ab
1521 1881 1600 1918 istis

5 1929 230 2012 Q
310 1953 366 1984 est
382 1948 502 1994 legata
521 1946 570 1982 ad
592 1958 652 1982 me
660 1960 668 1991 3
700 1945 760 1982 cui
781 1944 1075 1993 facile-persuasi
1097 1944 1189 1980 mihi
1209 1944 1247 1981 id
1264 1946 1368 1992 quod
1388 1951 1533 1993 rogaret
1553 1958 1601 1982 ne

311 2009 422 2046 licere
446 2007 613 2056 quidem,
638 2021 715 2044 non
741 2009 858 2045 modo
878 2020 955 2044 non
976 2007 1115 2044 lubere.
1174 2007 1386 2044 Antonium
1407 2007 1437 2044 si
1457 2007 1597 2052 videro,

310 2079 484 2108 accurate
505 2085 613 2120 agam
635 2073 683 2108 de
706 2072 902 2107 Buthroto.

271 2144 295 2181 5
363 2134 488 2172 Venio
514 2136 563 2171 ad
590 2133 817 2171 recentiores
845 2133 1010 2177 litteras;
1047 2145 1281 2181 quamquam
1308 2134 1356 2170 de
1377 2132 1505 2170 Servio
1525 2132 1599 2169 iam

35 2187 209 2251 Q
312 2198 493 2247 rescripsi.
555 2199 643 2234 ‘Me
676 2199 798 2234 facere
836 2209 1012 2244 magnam
1042 2198 1169 2255 πρ-(Ξξιν
1200 2196 1445 2234 Dolabellae!
1502 2196 1600 2233 Mihi

355 2311 373 2338 4
398 2309 440 2329 ex
456 2310 482 2328 v.
495 2310 516 2329 c.
536 2297 564 2326 L
583 2299 719 2338 (marg.)
744 2297 830 2327 Crat.
848 2308 853 2328 :
879 2307 940 2328 om.
960 2300 1011 2327 ΣΔ
1137 2297 1231 2327 aritia
1245 2296 1333 2330 codd.
1350 2307 1370 2327 v
1384 2307 1420 2334 c.‚
1436 2298 1503 2326 sine
1516 2307 1602 2326 cruce

317 2341 438 2379 'svm-el!
459 2340 592 2381 Mulleg:
625 2340 760 2371 avaritia
785 2339 870 2377 Vici„
896 2340 931 2379 cf.
955 2341 1000 2369 18.
1024 2350 1062 2369 1:
1088 2339 1194 2378 ἀτισῖᾳ
1219 2338 1359 2369 Bosius:
1389 2338 1527 2379 ἀριστείᾳ
1547 2339 1596 2369 Fr.

315 2383 461 2414 Schmidt

1621 2079 1659 2109 30
