1590 2730
49 511 65 542 5

30 829 67 850 10

30 1144 64 1174 Ι5

28 1462 66 1484 20

28 1780 63 1809 25

27 2094 65 2124 30

491 139 598 174 EPP.
631 139 705 174 AD
735 139 984 176 ATTICVM
1306 139 1374 174 XI.
1398 148 1457 173 xv

86 246 186 284 enim
212 246 264 284 ita
283 246 430 284 videtur
451 246 728 283 Alexandream
749 253 875 283 tenere
896 252 936 282 ut
956 258 1043 282 eum
1067 245 1228 283 scribere
1252 245 1365 282 etiam

85 311 226 359 pudeat
252 311 300 347 de
329 309 400 346 illis
426 309 548 355 rebus,
574 308 613 345 hi
641 316 768 346 autem
798 322 842 346 ex
868 308 996 345 Asrica
1024 308 1098 345 iam
1127 308 1292 346 adfuturi
1318 309 1366 345 vi-

85 371 430 427 dentursAchaici,
464 371 554 409 item
592 385 637 409 ex
670 371 761 408 Asia
797 371 951 408 redituri
981 373 1030 408 ad
1060 385 1124 408 eos
1153 379 1218 408 aut
1247 371 1365 408 libero

84 435 212 484 aliquo
227 437 313 473 loco
329 435 608 473 commoraturi.
659 434 764 482 Quid
784 434 876 472 mihi
892 434 1002 483 igitur
1018 441 1127 483 putas
1147 435 1366 482 agendum?

85 498 210 536 Video
238 498 390 536 difficile
418 512 500 536 esse
529 498 741 536 consilium.
803 500 894 535 Sum
924 497 1025 535 enim
1055 499 1157 534 solus
1185 505 1250 534 aut
1277 511 1364 534 cum

84 563 201 598 altero
234 561 295 598 cui
328 575 453 610 neque
489 563 539 598 ad
576 561 660 599 illos
697 561 838 598 reditus
872 560 917 598 sit
949 574 1073 609 neque
1105 561 1154 597 ab
1189 560 1245 597 his
1276 560 1365 609 ipsis

85 624 290 673 quicquam
322 626 372 662 ad
409 638 516 673 spem
554 626 784 662 ostendatur.
844 625 919 662 Sed
957 631 1084 661 tamen
1123 623 1216 661 scire
1253 623 1365 660 velim

85 687 177 736 quid
204 701 382 733 censeas;
415 688 531 736 idque
560 696 637 726 erat
663 702 750 725 cuni
779 687 860 725 aliis
889 701 955 725 cur
983 695 1029 734 te,
1059 687 1088 724 si
1118 687 1196 724 fieri
1225 694 1363 735 posset,

85 763 262 799 cuperem
286 751 424 789 videre.

140 813 353 851 Minucium
388 817 449 850 ῐῆ
478 816 558 852 sola
590 828 740 852 curasse
769 814 899 863 scripsi
926 815 975 852 ad
1005 821 1040 851 te
1069 822 1189 851 antea.
1249 814 1364 861 Quod
1384 824 1407 850 2

85 884 255 925 superest
281 877 393 914 velim
417 877 546 915 videas
571 885 611 915 ut
631 886 788 915 curetur.
848 877 1015 925 Quintus
1040 891 1117 915 non
1145 878 1262 914 modo
1288 890 1364 914 non

85 953 173 977 cum
194 954 331 989 magna
350 954 461 989 prece
481 943 529 979 ad
551 955 611 979 me
635 943 702 979 sed
721 941 963 979 acerbissime
985 940 1142 989 scripsit,
1161 940 1258 978 filius
1278 954 1367 978 vero

86 1003 246 1041 mirifico
279 1004 379 1042 odio.
449 1005 553 1041 Nihil
593 1005 681 1054 fingi
719 1012 843 1054 potest
876 1004 965 1042 mali
999 1018 1075 1053 quo
1113 1018 1190 1042 non
1224 1017 1363 1052 urgear.

86 1067 228 1104 Omnia
266 1076 393 1105 tamen
431 1075 519 1105 sunt
557 1068 723 1105 faciliora
759 1081 874 1116 quain
907 1067 1053 1116 peccati
1091 1069 1200 1105 dolor
1233 1067 1297 1116 qui
1331 1074 1367 1104 et

86 1130 270 1168 maximus
304 1139 360 1168 est
390 1138 427 1168 et
457 1139 641 1169 aeternus.
699 1131 817 1169 Cuius
850 1130 996 1180 peccati
1027 1130 1057 1167 si
1091 1130 1214 1168 socios
1245 1144 1366 1168 essem

84 1193 280 1231 habiturus
301 1208 371 1243 ego
391 1207 488 1242 quos
508 1194 647 1243 putavi,
669 1201 796 1231 tamen
817 1201 915 1231 esset
935 1207 979 1231 ea
998 1193 1210 1231 consolatio
1231 1193 1363 1231 tenuis.

85 1257 160 1294 Sed
179 1257 295 1294 habet
313 1257 474 1295 aliorum
498 1257 670 1295 omnium
691 1256 784 1294 ratio
804 1257 956 1303 exitum,
979 1270 1065 1294 mea
1083 1258 1240 1294 nullum.
1291 1256 1366 1293 Alii

84 1320 193 1368 capti,
219 1320 281 1357 alii
310 1320 502 1358 interclusi
536 1334 613 1358 non
642 1320 799 1357 veniunt
827 1319 864 1356 in
894 1320 1055 1357 dubium
1084 1321 1133 1357 de
1160 1321 1366 1367 voluntate,

84 1397 130 1421 eo
156 1384 281 1421 minus
307 1384 449 1422 scilicet
469 1398 556 1422 cum
584 1397 623 1422 se
647 1382 880 1432 expedierint
900 1390 936 1420 et
956 1396 1032 1420 una
1055 1396 1137 1420 esse
1160 1383 1363 1431 coeperint.

87 1447 119 1484 Ii
143 1456 270 1485 autem
298 1448 367 1497 ipsi
399 1449 462 1497 qui
492 1462 559 1486 sua
587 1449 781 1485 voluntate
809 1448 857 1484 ad
885 1448 1035 1484 Fufium
1061 1454 1245 1484 venerunt
1273 1446 1366 1483 nihil

84 1520 245 1560 possunt
284 1512 354 1550 nisi
393 1512 515 1550 timidi
557 1511 769 1550 existimari.
840 1510 953 1548 Multi
994 1518 1122 1548 autem
1164 1518 1251 1548 sunt
1288 1510 1363 1559 qui,

84 1589 328 1624 quocumque
360 1577 477 1613 modo
505 1577 554 1613 ad
583 1576 668 1612 illos
697 1588 736 1612 se
765 1574 931 1622 recipere
960 1575 1099 1619 volent,
1128 1572 1362 1622 recipientur.

85 1639 174 1685 Quo
204 1638 328 1676 minus
357 1640 475 1676 debes
506 1639 627 1676 mirari
658 1652 734 1675 non
766 1650 877 1686 posse
908 1650 968 1674 me
997 1644 1103 1674 tanto
1132 1636 1253 1674 dolori
1282 1636 1366 1674 resi-

84 1709 189 1739 stere.
248 1703 372 1740 Solius
400 1703 502 1740 enim
533 1716 660 1739 meum
688 1708 887 1750 peccatum
918 1700 1050 1748 corrigi
1078 1713 1154 1737 non
1181 1707 1304 1748 potest
1330 1707 1367 1736 et

83 1766 240 1802 sortasse
267 1765 380 1803 Laeli.
443 1767 519 1803 Sed
550 1766 642 1814 quid
674 1779 734 1803 nie
764 1765 802 1801 id
832 1765 957 1801 levat?
1005 1765 1104 1800 Nam
1139 1765 1181 1801 C.
1211 1762 1365 1811 quidem

84 1828 258 1867 Cassium
278 1829 383 1866 aiunt
404 1829 604 1867 consilium
625 1830 904 1866 Alexandream
926 1827 1041 1865 eundi
1064 1826 1276 1863 mutavisse.

137 1894 246 1929 Haec
271 1894 320 1930 ad
345 1900 381 1930 te
407 1893 542 1938 scribo,
565 1905 643 1929 non
667 1899 708 1929 ut
728 1896 876 1939 †quem
899 1899 1002 1928 tuam
1025 1891 1177 1927 demere
1192 1894 1211 1927 †
1232 1889 1365 1926 sollici-
1384 1896 1407 1932 3

84 1955 255 1993 tudinem
285 1957 351 1993 sed
378 1963 419 1992 ut
445 1968 674 2004 cognoscam
704 1955 842 2003 ecquid
873 1962 911 1991 tu
940 1955 989 1991 ad
1020 1967 1064 1990 ea
1091 1954 1238 1990 adferas
1269 1966 1366 2001 quae

86 2031 146 2055 me
172 2018 403 2064 conficiunt3
430 2020 479 2056 ad
504 2032 601 2067 quae
627 2031 742 2066 gener
769 2017 917 2055 accedit
943 2024 980 2054 et
1004 2024 1127 2054 cetera
1153 2029 1250 2064 quae
1276 2016 1366 2053 fletu

84 2081 265 2131 reprimor
298 2096 345 2119 ne
383 2081 555 2119 scribam.
616 2081 721 2128 Quin
759 2081 872 2118 etiam
904 2080 1047 2129 Aesopi
1081 2079 1179 2117 filius
1217 2092 1277 2116 me
1310 2093 1368 2116 ex-

128 2185 165 2213 16
189 2184 264 2224 ego]
284 2194 342 2214 eos
359 2182 523 2213 Corradus
610 2193 649 2212 ea
665 2182 736 2212 M'2:
761 2192 825 2211 om.
845 2181 897 2210 M¹
1028 2191 1066 2219 27
1091 2191 1188 2218 quem
1209 2185 1295 2210 tuam
1313 2181 1367 2210 dc-

85 2237 172 2256 mere
192 2226 251 2256 M:
275 2237 391 2264 queam
405 2230 491 2255 tuam
505 2226 636 2255 demere
650 2236 676 2255 v.
691 2236 711 2254 c.
726 2235 732 2254 t
755 2235 857 2262 queas
874 2229 908 2253 tu
922 2225 1053 2253 demere
1070 2223 1122 2253 Mn
1135 2224 1254 2261 matg.)
1266 2223 1368 2261 vulg:

84 2279 184 2307 queas
201 2274 234 2298 tu
251 2279 353 2298 meam
372 2270 505 2298 demere
526 2267 704 2306 lls'esenbmg
722 2278 728 2296 ε
752 2277 869 2304 querar
891 2271 1000 2295 tecum
1026 2266 1066 2295 de
1085 2275 1156 2294 mea
1175 2276 1260 2299 tcum
1282 2265 1368 2294 solli-

84 2310 242 2349 citudine)
260 2310 383 2348 Maller,
403 2320 474 2340 cnm
492 2315 525 2340 ut
541 2310 594 2340 vlit·
610 2309 691 2338 idem
707 2309 748 2338 sit
762 2319 798 2338 uc
811 2318 889 2346 quo,
907 2308 941 2345 cjfi
962 2308 991 2337 ii.
1011 2316 1058 2345 25.
1082 2317 1093 2336 1
1111 2317 1116 2335 ε
1132 2306 1211 2345 sort.
1231 2316 1367 2345 augeam

85 2358 171 2383 tuam
189 2353 229 2382 de
246 2362 296 2382 me
