1590 2730
109 160 175 195 IX.
194 159 267 194 xiii
560 159 612 196 M.
644 160 805 196 TVLLI
837 160 1132 198 CICERONIS

207 268 400 316 λάπισμα;
428 280 582 316 magnas
603 267 717 305 habet
737 275 836 304 certe
861 266 988 316 copias
1013 274 1050 305 et
1073 267 1230 306 habebit
1249 281 1329 307 non
1354 269 1487 308 Italiae

207 330 365 379 vectigal
384 332 451 368 sed
471 330 609 367 civium
631 330 740 367 bona.
781 331 894 367 Adde
910 330 1182 368 confidentiam
1196 331 1372 378 hominis,
1387 333 1488 370 adde

208 393 504 431 imbecillitatem
538 393 726 429 bonorum
759 392 922 429 virorum
952 392 1016 441 qui
1045 392 1211 441 quidem,
1243 396 1348 442 quod
1381 395 1487 432 illum

207 456 278 493 sibi
305 455 438 493 merito
464 455 598 492 iratum
622 462 769 504 putant,
790 456 961 501 oderunt,
984 462 1025 491 ut
1045 462 1084 492 tu
1105 456 1236 493 scribis
1257 458 1414 496 *fludum
1440 470 1488 496 CC

206 521 340 556 vellem
370 518 510 565 scribis,
533 518 707 567 quisnam
728 518 788 555 hic
809 518 1064 567 significasset.
1123 520 1197 556 Sed
1219 527 1255 556 et
1275 519 1354 566 iste,
1377 521 1488 569 quia†
1506 533 1522 564 5

206 584 290 632 plus
319 584 534 620 ostenderat
564 595 676 630 quam
699 581 785 619 fecit
805 589 841 619 et
860 583 972 630 vulgo
996 581 1100 618 illum
1122 583 1187 631 qui
1206 592 1380 621 amarunt
1408 598 1487 622 non

205 654 358 692 amantg
387 645 592 694 municipia
621 658 709 683 vero
739 653 775 682 et
804 644 929 682 rustici
965 645 1131 682 Romani
1163 646 1268 684 illum
1299 655 1484 694 metuunt,

206 711 309 747 hunc
339 710 465 746 adhuc
498 708 668 757 diligunt.
729 709 816 755 Qua
841 721 879 745 re
905 707 956 744 ita
981 715 1132 756 paratus
1163 716 1219 746 est
1248 717 1299 755 ut,
1322 710 1436 747 etiam
1457 711 1487 748 si

205 772 354 810 vincere
374 784 452 808 non
474 771 604 819 possit,
627 784 703 819 quo
728 771 844 808 modo
875 778 1001 807 tamen
1028 770 1126 807 vinci
1156 771 1236 820 ipse
1265 773 1383 821 possit
1409 786 1486 811 non

205 835 364 873 videam.
423 837 505 884 Ego
532 841 659 872 autem
689 847 766 872 non
795 842 871 871 tam
896 835 1062 885 γοητείαν
1087 835 1197 872 huius
1226 835 1343 874 timeo
1371 850 1486 885 quam
1507 848 1545 871 10

204 899 458 949 πειθανάγκην.
513 900 522 917 ‘
538 899 584 934 Αἱ
607 899 677 948 ’γὰρ
704 901 773 935 τῶν
801 898 978 946 τυράννων
1002 898 1159 946 δεήσεις’
1189 897 1312 947 inquit
1332 902 1488 939 Πλάτων

208 965 216 981 ³
232 961 325 999 οἶσθ’
344 962 397 999 ὅτι
415 962 629 1011 μεμιγμέναι
648 961 837 1010 ἀνάγκαις.’

165 1038 188 1076 5
261 1026 330 1062 Illa
368 1026 518 1073 ἀλίμενα
554 1023 665 1061 video
703 1023 770 1061 tibi
808 1037 885 1061 non
923 1023 1083 1072 probari.
1160 1025 1271 1072 Quae
1309 1039 1357 1063 ne
1395 1027 1485 1065 mihi

205 1088 361 1137 quidem
388 1088 589 1137 placebant
604 1101 612 1133 ;
643 1088 710 1124 sed
739 1087 928 1124 habebam
958 1087 995 1124 in
1026 1087 1097 1124 illis
1126 1095 1163 1125 et
1192 1089 1487 1128 occultationem

204 1159 241 1189 et
273 1153 471 1201 ὑπηρεσίαν
502 1152 664 1188 fidelem.
723 1151 832 1197 Quae
856 1149 886 1186 si
911 1150 1002 1186 mihi
1029 1150 1206 1188 Brundisi
1232 1159 1488 1201 suppeterent,
1510 1169 1545 1200 15

206 1216 381 1260 mallem3
414 1215 481 1252 sed
511 1212 563 1251 ibi
595 1212 799 1250 occultatio
830 1214 933 1250 nulla
963 1220 1030 1251 est.
1088 1215 1244 1261 Verum,
1273 1222 1314 1252 ut
1342 1216 1484 1263 scribis,

205 1292 292 1316 cum
313 1277 485 1315 sciemus.

158 1351 184 1387 6
257 1343 355 1380 Viris
377 1343 486 1380 bonis
507 1355 567 1379 me
594 1355 671 1379 non
698 1341 809 1378 nimis
830 1355 979 1380 excuso.
1039 1344 1145 1390 Quas
1166 1342 1267 1380 enim
1288 1356 1353 1381 eos
1374 1357 1486 1382 cenas

204 1414 240 1443 et
261 1408 382 1443 facere
402 1413 437 1443 et
458 1405 562 1443 obire
583 1404 729 1453 scripsit
748 1406 797 1442 ad
825 1418 885 1442 me
906 1407 1050 1451 Sextus,
1074 1419 1189 1454 quam
1218 1407 1348 1452 lautas,
1371 1420 1486 1455 quam

204 1469 468 1518 tempestivas!
525 1469 599 1505 Sed
633 1468 707 1504 sint
741 1467 912 1516 quamvis
947 1468 1048 1514 boni,
1083 1482 1159 1506 non
1194 1476 1281 1506 sunt
1312 1470 1485 1508 meliores
1506 1486 1545 1507 20

204 1546 318 1581 quam
339 1531 418 1569 nos.
478 1533 678 1568 Moverent
702 1543 773 1576 me,
796 1530 824 1567 si
845 1538 971 1568 essent
991 1531 1171 1569 fortiores.

260 1598 318 1633 De
339 1594 538 1632 Lanuvino
559 1595 749 1631 Phameae
771 1594 887 1631 erravi
902 1608 911 1640 3
954 1594 1163 1632 Troianum
1195 1594 1483 1633 somniaveram.

208 1661 253 1696 Id
291 1672 361 1707 ego
393 1657 494 1695 volui
529 1659 575 1705 Q.
609 1658 676 1694 sed
709 1657 825 1705 pluris
864 1664 930 1695 est.
1000 1659 1105 1696 Istuc
1143 1665 1270 1696 tamen
1309 1672 1485 1708 cuperem

206 1736 340 1768 emere,
363 1722 392 1759 si
414 1724 527 1759 ullam
548 1734 654 1770 spem
676 1721 825 1759 fruendi
846 1721 1025 1759 viderem.

250 1835 263 1855 1
290 1824 402 1854 Italiae
419 1823 572 1863 Madvig:
597 1824 658 1853 alie
676 1823 728 1852 M¹
747 1836 752 1854 :
786 1823 840 1853 ille
858 1823 933 1853 M22
966 1828 1000 1853 ut
1017 1822 1071 1853 ille
1087 1823 1224 1853 Rosius:
1249 1823 1390 1853 alienum
1408 1823 1491 1853 Reid

205 1877 223 1904 4
247 1867 358 1896 ludum
376 1866 443 1895 ΜΖ
465 1868 548 1899 <teste
570 1865 794 1905 U'esenbergio)
823 1866 936 1895 codices
962 1864 1184 1905 Malaspinae:
1216 1866 1336 1895 dudum
1367 1865 1487 1895 Orelli:

205 1910 343 1939 eundem
359 1908 505 1939 Shnu'dt
683 1908 736 1948 cc]
763 1908 811 1938 Ac
828 1909 913 1947 vulg.
1065 1919 1094 1946 4,
1112 1918 1130 1945 5
1154 1907 1202 1937 Ac
1218 1909 1336 1937 vellem
1354 1908 1486 1946 quinam

206 1952 237 1980 hi
261 1952 484 1988 significasses
503 1951 671 1981 Graevius:
706 1951 755 1980 Ac
777 1952 892 1980 vellem
917 1950 1105 1988 scripsisses
1128 1950 1276 1988 quisnam
1302 1951 1364 1979 hoc
1387 1951 1486 1988 signi-

208 1994 335 2023 ficasset
359 1994 461 2023 Boot:
498 1994 546 2023 Ac
574 1994 688 2023 vellem
713 1994 873 2031 quispiam
902 1993 962 2022 hoc
989 2001 1041 2026 isc.
1061 1992 1169 2022 odium
1196 2003 1295 2021 suum
1319 1992 1486 2031 Pompeio)

204 2036 421 2073 significasset
439 2037 514 2065 coni.
536 2035 718 2073 IVesenlamgr
817 2046 834 2071 5
860 2035 925 2064 Sed
939 2040 970 2064 et
983 2035 1042 2064 iste
1054 2034 1109 2064 M:
1136 2034 1309 2064 Seceditur
1321 2034 1485 2064 Schmidt:

206 2079 307 2107 Scdct
325 2079 384 2107 iste
403 2079 453 2117 (sc.
470 2078 647 2115 Domslt'ns)
665 2078 753 2106 Bool.
799 2077 914 2106 Tolum
931 2077 1033 2106 locum
1055 2077 1098 2106 ita
1119 2077 1240 2115 refingit
1254 2077 1388 2115 Madwg
1403 2082 1436 2106 ut
1452 2081 1486 2106 tu

205 2120 319 2149 scribis
343 2121 405 2150 iud.
427 2122 457 2158 ij.
472 2131 493 2149 e.
515 2121 640 2156 indices)
665 2129 765 2148 cccrx
790 2120 837 2148 bis
862 2120 922 2148 iarn
948 2120 998 2148 hic
1022 2119 1237 2157 significasse.
1289 2119 1355 2148 Sed
1379 2123 1411 2148 et
1434 2119 1485 2148 isti

207 2171 257 2191 sse.
275 2161 401 2199 iudices)
460 2162 552 2201 quia]
560 2163 637 2200 sort.
655 2163 709 2200 qui
852 2162 872 2190 6
892 2165 964 2200 post
979 2162 1053 2190 fecit
1070 2160 1142 2191 add.
1161 2166 1287 2190 amatur
1302 2160 1487 2199 Malaspiua

209 2213 241 2242 17
267 2204 406 2234 sciemus
432 2205 492 2234 (vel
512 2205 697 2243 scierimus)
717 2203 897 2233 Corradus:
927 2204 1046 2233 scimus
1063 2202 1104 2232 M
1238 2213 1277 2240 23
1301 2203 1330 2240 Q
1346 2203 1486 2232 Rosius:

204 2256 267 2283 que
285 2246 331 2282 M,
349 2247 383 2284 εχ
404 2246 478 2276 adn.
496 2246 541 2276 ad
553 2257 581 2284 9.
599 2257 617 2284 4
784 2255 836 2282 23,
853 2256 892 2283 24
918 2255 1070 2283 cuperem
1087 2255 1205 2277 emere,
1225 2246 1251 2274 si
1270 2245 1412 2274 Emesti:
1435 2254 1486 2274 me

206 2298 358 2325 cuperem
378 2299 428 2317 me
445 2299 517 2325 moy
529 2294 578 2319 cst
595 2287 647 2316 M·
674 2288 750 2317 mihi
768 2298 921 2326 cuperem
938 2298 1075 2326 emeres,
1091 2288 1116 2317 si
1137 2288 1235 2317 Orelli
1243 2290 1315 2327 post
1328 2285 1418 2317 Man.
1435 2285 1490 2315 sed

204 2331 230 2359 z's
246 2331 322 2359 mihi
340 2340 401 2360 non
418 2331 507 2360 habet
