1590 2730
33 144 101 181 IX,
123 144 198 179 viii
512 147 566 182 M.
597 147 760 184 TVLLI
790 147 1086 185 CICERONIS

148 253 304 291 Nullam
347 266 426 291 rem
470 266 653 302 umquam
696 254 944 292 difficiliorem
990 253 1163 303 cogitavi,
1201 255 1269 292 sed
1312 253 1437 303 cogito

149 323 276 355 tamen
302 331 373 355 nec
399 332 473 365 ero,
495 326 536 356 ut
556 318 593 355 in
614 318 732 365 malis,
755 318 969 367 imparatus.
1027 319 1103 356 Sed
1129 330 1218 355 cura
1240 325 1282 355 ut
1300 319 1434 355 valeas.

149 382 248 418 Puto
267 381 369 419 enim
389 381 491 420 diem
511 389 617 419 tuum
640 381 719 419 heri
740 381 864 419 fuisse.

191 523 256 557 IX
415 526 482 558 ΞΝ.
502 527 533 556 in
551 527 726 556 Formiano
740 527 797 556 xvi
810 526 851 556 K.
872 525 954 565 Apr.
973 536 1003 556 a.
1024 534 1078 564 705
1090 525 1171 565 (49).

525 661 527 663 ‚
550 617 721 648 CICERO
745 617 913 647 ATTICO
939 616 1033 646 SAL.
1453 628 1473 661 5

113 704 132 731 1
200 693 285 731 Tris
314 693 492 742 epistulas
521 701 604 731 tuas
632 693 761 742 accepi
790 692 971 742 postridie
1002 693 1105 729 Idus.
1164 693 1282 729 Erant
1308 698 1437 729 autem

148 767 221 802 1111,
255 769 311 802 111,
343 757 463 806 pridie
498 758 590 794 Idus
628 758 748 794 datae.
826 755 942 804 Igitur
978 754 1263 803 antiquissimae
1300 755 1437 803 cuique

145 819 310 868 primum
334 821 585 868 respondebo.
644 819 832 857 Adsentio
858 819 936 866 tibi,
958 826 999 856 ut
1028 818 1066 855 in
1093 818 1296 856 Formiano
1325 818 1438 867 potis-

146 883 284 921 simum
322 897 544 930 commorer,
578 884 691 921 etiam
722 885 771 921 de
808 897 945 932 supero
978 882 1084 928 mari,
1116 882 1366 930 †plaboquet‚
1397 889 1437 918 ut

146 954 258 984 antea
284 948 333 984 ad
360 955 396 984 te
420 947 561 996 scripsi,
584 961 798 996 ecquonam
825 948 942 984 niodo
971 945 1113 995 possim
1139 947 1333 983 voluntate
1357 944 1436 982 eius
1458 959 1495 980 10

146 1011 289 1047 nullam
320 1010 371 1048 rei
400 1011 576 1059 publicae
608 1019 752 1060 partem
784 1011 976 1059 attingere.
1036 1010 1152 1057 Quod
1185 1010 1316 1046 laudas
1349 1008 1438 1057 quia

146 1073 317 1111 oblivisci
347 1088 408 1111 me
436 1074 568 1124 scripsi
595 1082 683 1112 ante
712 1076 809 1111 facta
842 1082 878 1112 et
911 1074 1049 1111 delicta
1077 1072 1194 1111 nostri
1222 1072 1344 1118 amici,
1367 1086 1437 1121 ego

145 1151 234 1174 vero
263 1137 314 1175 ita
341 1138 448 1175 facio.
507 1138 612 1186 Quin
641 1152 686 1176 ea
713 1138 803 1187 ipsa,
832 1152 929 1187 quae
959 1151 981 1175 a
1012 1145 1047 1175 te
1078 1143 1434 1182 commemorantur,

146 1213 254 1238 secus
282 1201 331 1238 ab
360 1214 406 1239 eo
434 1201 473 1238 in
502 1215 563 1239 me
591 1201 716 1250 ipsum
745 1202 844 1238 facta
871 1215 953 1239 esse
981 1215 1059 1238 non
1086 1200 1251 1238 memini.
1309 1202 1436 1237 Tanto

146 1266 229 1313 plus
249 1266 351 1314 apud
373 1278 433 1302 me
453 1267 575 1303 valere
594 1265 757 1303 benefici
776 1265 932 1314 gratiam
953 1278 1067 1314 quam
1089 1264 1244 1302 iniuriae
1263 1266 1434 1302 dolorem
1456 1275 1492 1307 15

145 1329 242 1365 volo.
302 1328 500 1366 Faciamus
520 1328 641 1378 igitur,
663 1335 704 1366 ut
729 1341 872 1375 censeS‚
895 1329 1206 1378 conligamusque
1232 1342 1312 1367 nos.
1370 1330 1436 1368 Σο-

145 1393 303 1440 φιστεύω
323 1392 425 1429 enim
446 1392 556 1429 simul
583 1399 624 1429 ut
650 1406 711 1429 rus
740 1393 900 1430 decurro
928 1400 1043 1441 atque
1070 1393 1107 1430 in
1135 1395 1296 1432 decursu
1321 1395 1437 1435 θέσεις

145 1469 249 1494 meas
278 1455 527 1494 commentari
556 1469 634 1493 non
662 1455 806 1493 desino.
865 1457 940 1494 Sed
969 1465 1056 1495 sunt
1085 1460 1273 1507 quaedam
1306 1473 1435 1497 earum

146 1519 383 1569 perdifficiles
411 1521 461 1558 ad
491 1519 762 1558 iudicandum:
819 1522 878 1558 De
909 1522 1155 1571 optimatibus
1186 1524 1232 1561 sit
1262 1537 1352 1562 sane
1385 1523 1436 1561 ita

147 1591 188 1621 ut
216 1584 297 1629 vis3
334 1585 401 1622 sed
430 1583 530 1622 nosti
560 1583 653 1621 illud
683 1587 895 1626 (Διονύσιος
923 1590 959 1625 ἐν
981 1590 1165 1640 Κορίνθῳ]
1454 1603 1492 1626 20

199 1647 317 1685 Titini
355 1647 452 1685 filius
488 1649 591 1697 apud
630 1650 832 1687 Caesarem
869 1660 935 1690 est.
1011 1655 1127 1701 Quod
1163 1662 1291 1693 autem
1328 1655 1458 1705 quasi,

147 1711 263 1749 vereri
300 1711 437 1749 videris
474 1726 522 1749 ne
560 1712 652 1749 mihi
690 1720 754 1750 tua
791 1716 948 1754 consilia
985 1717 1223 1767 displiceant,
1254 1733 1314 1758 me
1346 1733 1435 1757 vero

146 1775 240 1812 nihil
260 1777 423 1813 delectat
448 1776 551 1814 aliud
581 1777 652 1813 nisi
679 1779 879 1817 consilium
906 1788 942 1819 et
968 1782 1111 1820 litterae
1132 1790 1226 1821 tuae.
1286 1785 1373 1831 Qua
1396 1797 1434 1821 re

146 1841 213 1884 fac,
237 1847 277 1876 ut
297 1840 476 1886 ostendis,
493 1855 540 1879 ne
560 1842 746 1880 destiteris
766 1845 815 1882 ad
836 1858 896 1883 me
916 1845 1099 1895 quicquid
1119 1847 1187 1884 tibi
1206 1847 1244 1884 in
1266 1854 1432 1885 mentem

145 1903 288 1941 venerit
308 1904 479 1942 scribere.
539 1905 637 1942 Mihi
657 1907 749 1944 nihil
770 1916 894 1957 potest
914 1923 996 1947 esse
1015 1910 1164 1959 gratius.
1452 1919 1490 1951 25

104 1977 130 2006 2
199 1968 323 2006 Venio
351 1970 400 2006 ad
422 1971 578 2007 alteram
607 1985 709 2009 nunc
733 1973 943 2022 epistulam.
1002 1975 1122 2011 R'ecte
1142 1987 1220 2011 non
1240 1974 1361 2012 credis
1384 1975 1433 2012 de

146 2044 305 2070 nurnero
326 2033 486 2071 militum
504 2049 511 2079 ;
539 2035 622 2084 ipso
642 2036 802 2074 dimidio
822 2038 906 2085 plus
926 2036 1072 2086 scripsit
1093 2037 1239 2075 Clodia.
1281 2039 1432 2075 Falsum

146 2095 259 2132 etiam
292 2097 340 2134 de
371 2099 554 2148 corruptis
585 2100 754 2137 navibus.
813 2102 930 2148 Quod
961 2102 1157 2138 consulem
1187 2102 1329 2147 laudas,
1362 2114 1433 2150 ego

187 2200 206 2228 8
229 2198 391 2230 Adsentio
410 2200 449 2229 M
462 2203 562 2241 vulg.7
583 2201 618 2239 cs.
640 2201 685 2232 ad
696 2202 750 2233 vii.
767 2212 795 2240 3.
812 2212 851 2240 3:
875 2202 1056 2232 Adsentior
1072 2202 1181 2233 Baiter
1313 2213 1333 2241 9
1358 2213 1430 2241 per·-

145 2240 237 2271 labor
252 2242 286 2271 I:
321 2244 553 2282 tcmptaboquc
574 2243 766 2283 szperdqv:
803 2244 1007 2283 palpaboque
1024 2245 1161 2275 Rosius:
1185 2245 1262 2283 fort.
1283 2244 1431 2283 perlabo-

147 2293 247 2322 roque
403 2296 438 2323 13
463 2291 761 2316 commemorantur
787 2297 905 2317 secus.
927 2311 933 2317 .
953 2312 958 2317 .
978 2288 1063 2317 sacta
1090 2297 1175 2326 esse,
1206 2297 1271 2317 non
1297 2287 1430 2317 memini

151 2325 334 2361 Wesenbergr
470 2331 506 2357 16
531 2328 707 2364 Σοφιστεύω
724 2328 860 2358 Rosius:
887 2330 1002 2359 festivo
1020 2328 1088 2358 MZ
1226 2340 1259 2368 17
1284 2335 1380 2368 atque
1397 2330 1430 2359 in

146 2369 282 2399 decursu
302 2369 330 2398 Z
347 2374 431 2403 xles-le
448 2371 587 2411 Baitero)
604 2382 610 2401 :
642 2376 739 2410 atque
757 2381 851 2402 cursu
870 2371 909 2400 M
1064 2374 1104 2402 28
1128 2371 1295 2402 consulem
1324 2372 1429 2402 M¹C2

147 2411 299 2442 consules
316 2413 400 2451 vulg.
