1590 2730
111 139 157 174 X.
180 138 271 174 xvii
497 139 552 175 M.
582 137 744 174 TVLLI
773 136 1070 174 CICERONIS

163 255 187 282 2
261 246 406 284 Crebro
424 246 570 284 refricat
593 245 782 294 lippitudo
809 257 888 282 non
914 244 977 281 illa
1004 244 1161 293 quidem
1189 245 1391 294 perodiosa
1418 247 1486 283 sed

205 316 334 347 tamen
371 322 468 358 quae
506 308 689 358 impediat
726 308 970 356 scriptionem
1008 321 1144 344 meam.
1214 308 1485 346 Valetudinem

205 380 309 410 tuam
329 372 403 409 iam
433 373 693 409 confirmatam
723 384 805 408 esse
833 377 871 408 et
896 384 920 408 a
946 377 1072 408 vetere
1100 370 1236 408 morbo
1265 378 1302 408 et
1329 384 1351 408 a
1379 371 1486 408 novis

205 435 519 484 temptationibus
538 436 697 483 gaudeo.

163 509 186 544 3
258 499 429 536 Ocellam
466 499 601 534 vellem
639 498 889 543 haberemus;
927 496 1104 534 videntur
1132 496 1235 534 enim
1274 510 1356 534 esse
1393 498 1522 543 haee5

204 563 318 610 paulo
351 560 517 598 faciliora
535 560 687 608 sutura.
757 561 871 596 Nunc
908 559 1065 608 quidem
1102 559 1388 608 aequinoctium
1417 573 1487 598 nos

205 632 370 662 moratur
399 625 503 672 quod
531 625 641 661 valde
670 623 931 672 perturbatum
962 629 1049 660 erat.
1108 624 1180 661 †Id
1214 622 1245 659 si
1274 626 1378 662 cras†
1406 622 1485 669 erit,

204 687 349 725 utinam
371 688 471 725 idem
493 694 644 723 maneat
666 685 919 724 Hortensius!
948 685 979 722 si
999 685 1166 734 quidem,
1185 691 1229 723 ut
1250 687 1378 723 adhuc
1397 693 1485 732 erat,

205 752 394 789 liberalius
414 764 496 789 esse
515 750 608 788 nihil
628 757 762 799 potest.

160 824 187 862 4
260 817 319 853 De
356 815 564 863 diplomate
610 812 804 851 admiraris
842 812 950 861 quasi
987 812 1116 850 neseio
1154 812 1261 850 cuius
1298 820 1335 850 te
1372 812 1488 861 flagiti
1508 827 1545 849 10

204 878 462 915 insimularim.
522 879 648 925 Negas
664 876 766 914 enim
779 883 816 914 te
836 876 996 924 reperire
1012 875 1077 924 qui
1093 875 1186 912 mihi
1205 875 1244 913 id
1264 875 1303 913 in
1319 883 1487 913 mentem

205 941 356 979 venerit.
416 942 498 989 Ego
526 948 665 984 autem,
697 939 786 988 quia
814 939 1014 987 scripseras
1042 946 1079 976 te
1107 938 1295 987 proficisci
1324 938 1488 986 cogitare

206 1004 362 1053 (etenim
389 1003 582 1041 audieram
609 1002 752 1039 nemini
779 1001 885 1039 aliter
905 1001 1043 1050 licere),
1067 1015 1113 1039 eo
1139 1009 1176 1038 te
1202 1002 1342 1039 habere
1363 1014 1489 1038 cense-

205 1068 293 1104 bam
324 1074 360 1103 et
393 1066 481 1114 quia
511 1065 637 1114 pueris
670 1065 841 1113 diploma
878 1077 1101 1112 sumpseras.
1163 1065 1295 1101 Habes
1333 1077 1488 1101 causam

205 1129 394 1179 opinionis
433 1142 549 1167 meae.
627 1131 675 1165 Et
706 1136 834 1166 tamen
867 1127 980 1165 velim
1018 1127 1113 1165 scire
1149 1127 1242 1176 quid
1273 1127 1415 1176 cogites
1448 1127 1487 1164 in
1508 1142 1543 1173 15

204 1193 410 1244 primisque
431 1192 460 1229 si
481 1193 574 1241 quid
594 1192 708 1230 etiam
728 1205 830 1229 nunc
850 1191 939 1229 novi
959 1199 1025 1229 est.
1084 1203 1169 1228 xvu
1192 1193 1240 1228 K.
1265 1193 1348 1228 Iun.

247 1355 401 1390 XVIII
416 1357 481 1389 Ser.
501 1358 533 1388 in
553 1357 700 1388 Cumano
716 1358 769 1388 xiv
785 1361 841 1387 aut
855 1357 914 1387 xiii
926 1357 968 1388 K.
988 1357 1061 1388 Iun.
1079 1368 1108 1389 α.
1129 1366 1182 1396 705
1199 1357 1283 1398 (49).

602 1449 767 1480 CICERO
788 1449 965 1480 ATTICO
987 1449 1090 1480 SAL.

172 1549 189 1576 1
257 1536 383 1574 Tullia
416 1549 500 1574 mea
532 1536 678 1585 peperit
711 1548 801 1572 xlm
838 1538 884 1573 K.
920 1538 1003 1573 Iun.
1034 1550 1193 1585 puerum
1225 1539 1486 1586 ἑπταμηνιαῖον.

206 1601 322 1647 Quod
355 1602 545 1648 εὐτόκησεν
573 1601 746 1648 gaude03
774 1601 878 1648 quod
912 1600 1068 1648 quidem
1106 1609 1162 1638 est
1194 1609 1325 1639 natum
1356 1601 1490 1651 perim-
1510 1615 1547 1636 20

205 1664 382 1701 becillum
404 1671 469 1701 est.
529 1665 595 1701 Me
619 1663 798 1701 mirificae
824 1664 1113 1712 tranquillitates
1136 1667 1263 1703 adhuc
1287 1673 1489 1704 tenuerunt

204 1734 319 1775 atque
340 1727 471 1765 maiori
500 1727 776 1776 impedimento
805 1729 956 1765 fuerunt
985 1742 1099 1777 quam
1129 1730 1325 1768 custodiae
1351 1731 1489 1779 quibus

204 1791 391 1827 adservor.
450 1792 550 1827 Nam
571 1790 634 1827 illa
664 1791 922 1828 Hortensiana
950 1793 1080 1830 omnia
1107 1795 1233 1833 †fuere
1253 1794 1411 1832 infantia
1439 1794 1489 1831 ita

206 1854 293 1891 fiet-r
326 1855 443 1891 homo
481 1854 735 1902 nequissimus
773 1868 794 1892 a
827 1856 953 1893 Salvio
990 1857 1125 1894 liberto
1164 1859 1389 1906 depravatus
1420 1864 1486 1895 est.

208 1917 343 1965 Itaque
373 1918 531 1965 posthac
558 1931 635 1955 non
667 1918 829 1957 scribam
858 1921 907 1957 ad
938 1927 974 1957 te
1005 1921 1097 1969 quid
1128 1922 1291 1958 facturus
1321 1920 1391 1957 sim
1421 1921 1488 1958 sed
1510 1929 1546 1959 25

251 2026 264 2045 1
291 2018 460 2049 refricatur
479 2020 640 2051 Corradus
739 2031 758 2059 5
780 2021 973 2051 viderentur
990 2022 1066 2053 coni.
1084 2021 1186 2059 Orelli,
1197 2022 1276 2059 fort.
1296 2025 1366 2052 recle
1471 2023 1491 2051 6

206 2058 312 2089 sutura
328 2061 399 2091 add.
420 2062 588 2092 Lehmann
767 2075 783 2101 7
808 2064 839 2094 id
856 2063 896 2092 M
909 2065 993 2102 vulg.
1014 2076 1020 2094 ε
1045 2064 1126 2094 Inde
1144 2064 1228 2094 Reid
1318 2074 1389 2094 cras
1410 2064 1488 2101 erit]

206 2101 314 2140 ἀκραὲς
330 2104 392 2132 erit
409 2105 535 2141 Rosius,
553 2107 727 2145 ingeniose:
756 2106 920 2136 transierit
938 2106 1050 2136 Zielzen
1161 2107 1181 2135 8
1205 2106 1248 2143 sil
1266 2116 1329 2144 quo
1345 2106 1492 2136 Schmidt

207 2148 242 2172 ut
258 2144 331 2176 add.
348 2145 531 2186 Malaspz'na
643 2159 684 2178 20
707 2149 834 2185 gaudeo
853 2148 987 2177 Vrsinus
1002 2160 1008 2178 :
1040 2149 1201 2187 gaudeam
1217 2147 1272 2179 M:
1309 2148 1490 2186 gaudebam

208 2184 301 2216 Man.
318 2199 323 2217 ;
360 2194 409 2218 est
426 2191 510 2228 quod
527 2191 685 2228 gaudeam
708 2190 827 2229 Zvrrell
932 2201 983 2228 23,
1000 2201 1039 2228 24
1064 2191 1195 2220 fuerunt
1212 2190 1312 2220 fatua.
1359 2191 1407 2220 Ita
1423 2191 1488 2220 fiet.

208 2226 224 2245 *
242 2229 256 2247 ’¹‘
274 2229 370 2259 homo
386 2231 469 2261 Rcid
482 2234 524 2262 ila
541 2236 576 2262 ut
591 2243 706 2262 nomen
723 2233 865 2262 tabellari
873 2232 1025 2262 Cr'rerom's
1036 2232 1174 2262 exciderit
1187 2243 1193 2262 τ
1218 2232 1348 2262 fuerunt
1362 2232 1489 2262 inania:

210 2271 241 2300 id
260 2272 302 2301 ita
320 2273 371 2302 fit:
400 2274 495 2303 homo
513 2276 588 2305 coni.
611 2275 807 2312 lVesenbevsg:
839 2275 929 2304 suere
954 2275 1064 2305 inania
1086 2275 1182 2305 fidei:
1216 2275 1313 2305 homo
1337 2273 1491 2314 Madvig:

211 2313 340 2344 suerunt
359 2316 500 2346 infamia.
550 2317 597 2346 lta
614 2318 664 2346 hic
682 2317 766 2356 (adv.
803 2317 897 2346 homo
917 2317 1033 2346 Gurlt'll
