1690 2710
530 123 638 159 EPP.
669 123 745 158 AD
774 122 1024 160 ATTICVM
1352 123 1458 159 XVI.
1479 132 1510 158 V

136 231 212 269 Sed
248 238 376 268 tamen
413 228 573 266 rumoris
611 228 740 266 nescio
778 228 871 276 quid
907 229 1111 265 adflaverat
1149 227 1420 266 commissione

136 295 368 331 Graecorum
411 291 661 340 frequentiam
706 304 782 328 non
827 291 942 328 fuisse
957 306 966 337 ς
1015 293 1121 339 quod
1158 291 1314 339 quidem
1359 304 1420 327 me

136 355 293 393 minime
333 354 488 400 fefellit,
533 354 605 391 scis
645 353 746 391 enim
787 354 879 402 quid
922 367 992 402 ego
1034 355 1082 391 de
1122 353 1277 391 Graecis
1321 342 1443 390 ludis·

135 418 355 456 existimem.

99 494 115 523 5
187 482 301 518 Nunc
329 480 418 518 audi
447 481 552 529 quod
580 480 696 528 pluris
725 487 781 517 est
810 492 924 528 quam
955 479 1093 516 omnia.
1152 479 1319 526 Quintus
1349 478 1418 516 fuit
1437 487 1461 513 2

135 557 285 581 mecum
315 543 396 581 dies
424 543 629 591 compluris
658 550 707 588 et,
735 542 765 579 si
799 555 869 590 ego
902 555 1094 590 cuperem,
1124 543 1186 579 ille
1215 543 1274 579 vel
1305 541 1420 590 pluris

134 596 288 653 fuisset,-
316 607 383 644 sed
403 619 518 654 quam
539 606 604 643 diu
624 605 702 651 fuit,
722 605 944 642 incredibile
965 612 1021 642 est
1041 618 1155 653 quam
1176 618 1237 642 me
1257 604 1294 640 in
1316 603 1421 641 omni

133 683 270 719 genere
300 669 495 707 delectarit
528 669 566 706 in
600 682 723 717 eoque
757 668 920 705 maxime
954 668 992 704 in
1022 681 1099 716 quo
1136 667 1294 704 minime
1332 667 1421 705 satis

134 733 306 771 faciebat.
364 732 426 770 Sic
454 732 556 770 enim
585 739 842 770 commutatus
872 739 928 769 est
956 738 1058 768 totus
1087 737 1124 768 et
1153 730 1299 779 scriptis
1326 730 1420 768 meis

80 811 118 833 10
135 797 365 846 quibusdam
395 809 493 845 quae
523 796 561 833 in
593 795 768 832 manibus
801 795 991 832 habebam
1022 802 1059 831 et
1086 793 1316 831 adsiduitate
1345 807 1423 831 ora-

134 860 248 898 tionis
278 868 314 898 et
340 860 550 909 praeceptis
580 867 621 896 ut
650 859 713 897 tali
743 858 872 895 animo
900 858 939 894 in
972 871 1051 895 rem
1088 857 1281 906 publicam
1320 857 1421 906 quali

134 937 204 961 nos
228 925 403 961 volumus
431 924 577 960 futurus
606 922 662 959 sit.
723 924 812 959 Hoc
841 934 928 959 cum
958 920 1051 957 mihi
1080 934 1158 957 non
1188 921 1305 958 modo
1334 934 1421 959 con-

135 988 319 1024 firmasset
362 988 429 1024 sed
476 986 589 1024 6113111
633 985 892 1034 persuasisset,
929 984 1004 1033 egit
1048 997 1199 1021 1116611111
1247 992 1421 1022 366111316

135 1050 262 1087 111111115
290 1050 414 1087 verbis
441 1049 510 1087 tibi
539 1058 579 1086 ut
606 1050 835 1098 sponderem
866 1061 906 1085 se
935 1047 1093 1096 dignum
1123 1054 1159 1084 et
1186 1054 1222 1085 te
1248 1055 1285 1084 et
1311 1047 1423 1085 nobis

80 1126 115 1158 15
135 1114 327 1161 futurum,
359 1127 485 1162 neque
513 1126 554 1150 se
582 1113 772 1161 postulare
800 1119 841 1148 ut
870 1110 995 1148 statim
1025 1111 1198 1148 crederes
1227 1111 1306 1156 sed,
1334 1124 1421 1148 cum

134 1176 215 1225 ipse
235 1176 501 1225 perspexisses,
521 1184 602 1213 tum
623 1183 664 1213 ut
684 1188 723 1212 se
743 1187 900 1211 amares.
958 1175 1075 1221 Quod
1096 1173 1167 1211 nisi
1192 1175 1307 1211 fidem
1328 1173 1421 1211 mihi

134 1240 284 1277 fecisset
321 1239 627 1288 iudicassemque
665 1240 738 1275 hoc
769 1238 875 1286 quod
913 1236 1000 1274 dico
1038 1238 1189 1273 firmum
1221 1238 1309 1282 fore,
1343 1250 1421 1275 11011

133 1303 306 1341 fecissem
333 1303 372 1341 id
392 1304 497 1352 quod
523 1303 692 1340 dicturus
719 1315 814 1339 sum.
874 1301 974 1338 Duxi
998 1300 1100 1338 enim
1124 1314 1274 1338 mecum
1295 1302 1421 1338 adule-

134 1374 301 1404 scentem
340 1368 389 1404 ad
428 1369 598 1404 Brutum.
657 1366 717 1403 Sic
755 1365 789 1402 ei
827 1365 1029 1413 probatum
1068 1371 1124 1400 est
1161 1365 1266 1411 quod
1303 1365 1352 1401 ad
1385 1372 1422 1402 te

79 1443 116 1464 20
134 1429 259 1467 scribo
287 1437 327 1467 ut
356 1430 437 1479 ipse
465 1429 678 1475 crediderit,
710 1442 771 1466 me
802 1440 1024 1477 sponsorem
1057 1426 1229 1475 accipere
1260 1427 1423 1464 noluerit

133 1506 299 1541 eumque
332 1494 491 1531 laudans
522 1492 751 1530 amicissime
787 1490 1021 1529 mentionem
1061 1490 1115 1527 tui
1149 1489 1291 1536 fecerit,
1322 1503 1423 1527 com-

133 1557 263 1604 plexus
293 1558 562 1605 osculatusque
595 1555 788 1593 dimiserit.
848 1556 976 1601 Quam
1007 1554 1058 1590 ob
1089 1566 1167 1590 rem
1201 1552 1269 1590 etsi
1304 1553 1422 1601 magis

133 1626 189 1656 est
218 1621 323 1667 quod
351 1621 513 1668 gratuler
541 1619 608 1656 tibi
638 1632 752 1667 quam
783 1618 887 1665 quod
917 1625 953 1653 te
982 1628 1121 1664 rogem,
1151 1623 1278 1652 tamen
1308 1615 1421 1653 etiam

133 1694 225 1729 rogo
253 1689 304 1727 ut,
335 1682 365 1719 si
395 1696 493 1730 quae
523 1682 648 1719 minus
677 1689 788 1718 antea
819 1687 972 1729 propter
1001 1678 1257 1714 infirmitatem
1289 1678 1421 1715 aetatis

76 1759 113 1790 25
133 1752 350 1782 constanter
368 1746 417 1783 ab
438 1760 484 1784 eo
511 1745 589 1783 fieri
609 1745 846 1790 videbantur,
869 1757 913 1781 ea
940 1741 1085 1779 iudices
1106 1741 1210 1778 illum
1237 1740 1421 1779 abiecisse

132 1807 302 1856 mihique
328 1811 459 1846 credas
483 1811 644 1846 multum
670 1810 880 1846 adlaturam
907 1808 966 1843 vel
992 1805 1197 1854 plurimum
1221 1804 1348 1853 potius
1370 1806 1420 1843 ad

132 1870 230 1908 illius
250 1871 433 1909 iudicium
453 1874 759 1910 confirmandum
779 1870 1044 1909 auctoritatem
1064 1876 1179 1906 tuam.

184 1936 303 1972 Bruto
331 1948 418 1972 cum
450 1949 563 1985 saepe
596 1935 809 1972 iniecissem
844 1936 892 1972 de
926 1934 1115 1982 ὃμοπλοίᾳ,
1152 1944 1230 1968 11011
1261 1930 1418 1979 perinde
1438 1938 1461 1975 3

130 2004 245 2045 atque
265 2011 335 2046 ego
360 2006 533 2047 putaram
556 1998 727 2047 adripere
747 1998 848 2034 visus
872 2005 937 2034 est.
997 1995 1272 2033 Existimabam
1295 2011 1420 2042 μετεω-

74 2080 115 2110 30
131 2062 276 2110 ρότερον
293 2074 386 2107 6556,
411 2069 448 2099 61
475 2063 627 2099 hercule
651 2068 728 2098 erat
748 2068 785 2098 et
812 2060 974 2097 maxime
998 2061 1047 2096 de
1067 2058 1177 2095 ludis.
1236 2059 1286 2093 At
1312 2056 1416 2102 mihi,

131 2137 219 2161 cum
247 2126 296 2162 ad
326 2125 453 2163 villam
481 2124 679 2170 redissem,
705 2125 775 2162 Cn.
798 2122 986 2160 Lucceius
1017 2121 1082 2169 qui
1113 2121 1274 2157 multum
1304 2118 1419 2156 utitur

132 2188 251 2224 Bruto
282 2187 444 2224 narravit
471 2186 579 2224 illum
606 2188 718 2224 valde
746 2185 883 2223 morari
912 2198 989 2222 non
1016 2184 1322 2232 tergiversantem
1350 2183 1417 2219 sed

174 2297 192 2316 2
214 2288 303 2325 quod
328 2298 356 2318 v.
370 2298 391 2316 c.
419 2286 447 2315 L
466 2287 628 2327 (marg.):
654 2297 718 2325 que
744 2285 782 2315 M
867 2296 884 2324 7
908 2295 1004 2324 quam
1023 2285 1076 2314 diu
1101 2284 1237 2314 Lamia:
1260 2287 1417 2321 quantum

130 2329 214 2359 codd.
234 2342 239 2361 :
262 2334 418 2368 quantum
432 2333 587 2368 quantum
605 2327 730 2359 Moser:
755 2332 834 2367 quot
850 2327 932 2358 Reid

172 2392 232 2415 cxc.
252 2393 299 2413 AD
317 2392 388 2413 ATT.
1292 2378 1332 2407 36
