1590 2730
511 125 619 161 EPP.
649 125 725 161 AD
754 125 1007 162 ATTICVM
1244 126 1360 162 XIII.
1378 125 1545 161 xxxviii

115 233 186 270 bus
224 245 317 282 quas
349 232 398 269 ab
427 244 473 269 eo
501 232 550 269 de
578 231 689 269 nobis
718 231 849 269 haberi
882 231 1059 280 permulti
1093 232 1186 269 mihi
1215 233 1402 270 renuntia-

115 302 249 333 verunt
274 302 510 333 commotum
531 294 644 331 istum
664 294 872 342 aliquando
892 294 1085 343 scripsisse
1108 295 1252 343 aliquid
1271 297 1320 332 ad
1341 309 1402 333 me

115 360 230 396 credo
250 365 287 396 et
306 359 354 395 ad
375 366 421 403 te,
444 357 560 406 idque
588 364 630 394 ut
658 356 775 394 sciam
796 357 921 394 facies.
981 359 1080 394 Nam
1108 359 1157 395 ad
1184 366 1327 405 patrem
1353 360 1402 396 de

116 434 176 458 me
197 421 289 469 quid
309 419 497 468 scripserit
517 419 657 465 nescio,
679 421 728 457 de
748 427 866 457 matre
887 433 1002 468 quam
1024 419 1085 468 pie
1102 423 1108 457 1
1149 423 1157 439 ‘
1170 422 1401 466 Volueram‚⁷

78 483 238 532 5inquit
273 487 335 521 ‘ut
372 496 486 531 quam
524 482 730 532 plurimum
768 490 895 520 tecum
934 496 1067 529 essem,
1105 484 1270 521 conduci
1308 484 1401 520 mihi

115 548 274 584 domum
307 553 343 583 et
376 545 415 583 id
447 546 496 582 ad
534 552 571 582 te
609 545 841 593 scripseram.
900 545 1120 594 Neglexisti.
1180 548 1238 583 Ita
1275 546 1401 583 minus

115 608 380 646 multumffma
408 608 557 645 erimus.
616 610 716 645 Nam
746 621 816 656 ego
845 608 955 646 istam
982 610 1142 646 domum
1168 609 1296 647 videre
1322 623 1400 647 non

114 685 269 721 possum
284 686 294 717 3
323 684 396 719 qua
425 672 473 708 de
503 684 616 707 causa
649 671 744 708 scis.'
802 673 916 708 Hanc
949 679 1076 709 autem
1111 685 1265 709 causam
1295 680 1401 721 pater

116 735 245 772 odium
268 734 394 770 matris
415 747 497 771 esse
517 734 679 771 dicebat.
738 736 853 771 Nunc
873 748 934 772 me
962 734 1058 780 iuva,
1082 735 1133 772 mi
1153 735 1290 781 Attice,
1313 749 1401 773 con·
1419 747 1442 773 2

61 813 98 834 10
115 798 209 843 Silio,
234 799 404 846 ‘mia-epm!
433 798 514 848 δίκᾳ
542 800 658 848 τεῖχος
685 799 813 846 ὕψιον,’
833 798 872 835 id
893 806 948 835 est
975 806 1100 836 utrum
1127 806 1256 848 aperte
1282 799 1402 836 homi-

115 874 203 899 nem
231 875 408 910 asperner
439 869 475 899 et
504 875 689 911 respuam,
724 861 767 910 ’ἢ
797 864 962 902 σκολιαῖς
991 864 1165 902 ἀπάταις.’
1219 862 1401 908 Vtrenim

116 924 280 962 Pindaro
307 925 360 962 Sic
390 926 492 975 ίδίχα
514 943 576 974 μοι
600 927 678 964 νόος
707 927 887 974 ἀτρέκειαν
911 927 1043 963 εἷπεῖν.’
1098 925 1269 963 Omnino
1294 925 1403 963 morl-

116 988 185 1024 bus
224 988 317 1025 meis
351 988 443 1026 illud
476 989 600 1038 aptius
639 990 706 1026 sed
740 990 813 1026 hoc
846 991 1004 1026 fortasse
1037 989 1283 1038 temporibus.
1340 991 1401 1026 Tu

113 1041 241 1088 autem
262 1054 366 1100 quod
387 1052 467 1101 ipse
488 1052 556 1089 tibi
582 1053 742 1090 suaseris
762 1053 865 1090 idem
892 1052 984 1089 mihi
1005 1066 1225 1102 persuasum
1256 1060 1398 1101 putato.

60 1125 94 1154 Ι5
116 1115 306 1163 Equidem
338 1129 468 1153 vereor
498 1116 660 1153 maxime
693 1129 741 1153 ne
772 1116 810 1152 in
844 1117 1064 1152 Tusculano
1097 1115 1297 1164 opprimar.
1357 1118 1402 1153 In

115 1178 224 1214 turba
250 1180 344 1216 haec
374 1187 500 1216 essent
529 1179 705 1216 faciliora.
763 1180 899 1215 Vtrum
927 1178 1037 1227 igitur
1065 1180 1256 1215 Asturae?
1298 1178 1403 1225 Quid

113 1241 149 1276 si
178 1241 318 1278 Caesar
351 1242 507 1279 subito?
574 1243 666 1279 Iuva
701 1255 772 1286 me,
809 1254 963 1290 quaeso,
998 1241 1169 1278 consilio.
1227 1243 1320 1278 Vtar
1356 1254 1403 1279 eo

115 1304 219 1351 quod
249 1311 288 1341 tu
317 1304 537 1342 decreveris.

155 1500 346 1535 XXXIX
389 1503 455 1534 Ser.
475 1505 506 1533 in
529 1503 708 1533 Tusculano
724 1503 808 1533 Non.
827 1502 911 1533 Sext.
928 1513 958 1533 a.
980 1512 1038 1542 709
1057 1503 1133 1543 (45).

59 1603 97 1624 20
508 1594 674 1625 CICERO
704 1594 880 1623 ATTICO
909 1593 1012 1625 SAL.

167 1682 202 1719 O
233 1681 493 1719 incredibilem
514 1681 743 1718 vanitatem!
773 1681 821 1717 ad
848 1687 993 1728 patrem
1015 1682 1024 1698 ‘
1039 1680 1157 1717 domo
1182 1680 1252 1717 sibi
1277 1694 1403 1718 caren-
1422 1691 1438 1716 1

115 1745 206 1780 dum
245 1753 397 1793 propter
436 1745 617 1789 matrem‚'
647 1745 701 1780 ad
727 1748 881 1779 matrem
914 1744 1066 1791 plenam
1105 1742 1264 1791 pietatis.
1324 1744 1402 1780 Hic

114 1815 241 1844 autem
275 1808 349 1845 iam
382 1806 590 1856 languescit
621 1814 657 1844 et
687 1806 738 1843 ait
771 1805 843 1843 sibi
873 1805 979 1842 illum
1011 1804 1090 1842 iure
1121 1805 1267 1842 iratum.
1326 1807 1443 1844 Sed2

115 1877 197 1907 utar
212 1878 278 1907 tuo
293 1870 453 1908 consilio
471 1885 477 1914 ;
500 1871 674 1908 “σκολιὰ’
690 1869 791 1907 enim
808 1869 876 1906 tibi
892 1868 1005 1906 video
1021 1870 1180 1917 placere.
1222 1870 1399 1915 Romam,

60 1942 95 1973 25
115 1939 155 1969 ut
188 1946 333 1979 censes,
361 1932 511 1970 veniam
545 1934 613 1970 sed
645 1932 808 1977 invitus;
849 1932 959 1968 valde
993 1930 1095 1968 enim
1129 1930 1167 1967 in
1199 1930 1402 1968 scribendo

114 1996 262 2033 haereo.
320 1997 525 2033 ‘Brutum'
545 1995 670 2044 inquis
697 1996 877 2032 ‘eadem.'
933 1993 1107 2040 Scilicet3
1136 1994 1204 2031 sed
1230 1994 1301 2030 nisi
1329 1995 1402 2031 hoc

114 2066 221 2105 esset,
244 2072 301 2096 res
329 2072 389 2096 me
409 2059 479 2096 ista
505 2072 583 2096 non
609 2066 770 2106 cogeret.
830 2059 912 2094 Nec
933 2057 1035 2095 enim
1060 2057 1150 2094 inde
1170 2056 1272 2094 venit
1299 2058 1402 2094 unde

114 2122 264 2158 mallem
286 2134 410 2169 neque
435 2121 501 2158 diu
524 2121 617 2158 afuit
643 2133 768 2169 neque
795 2121 910 2157 ullam
934 2119 1096 2156 litteram
1120 2120 1169 2156 ad
1196 2133 1267 2156 me.
1325 2121 1400 2156 Sed

113 2190 241 2220 tamen
278 2184 372 2220 scire
408 2197 503 2221 aveo
540 2183 662 2232 qualis
700 2183 733 2220 ei
764 2182 880 2219 totius
917 2181 1060 2218 itineris
1091 2194 1241 2218 summa
1278 2182 1398 2219 fuerit.

159 2294 193 2321 14
217 2289 331 2322 putato
350 2285 394 2315 C:
419 2291 497 2323 puto
512 2284 550 2313 M
637 2285 676 2313 16
698 2283 852 2313 Asturam
873 2280 1054 2321 Wesenberg
1142 2293 1177 2320 17
1204 2283 1229 2311 si
1245 2277 1310 2312 Zb:
1334 2293 1397 2313 om.

113 2325 151 2354 M
276 2337 316 2356 22
341 2328 380 2356 ad
398 2331 531 2356 matrem
549 2325 622 2356 add.
646 2325 745 2355 Orelli
869 2335 909 2363 23
933 2324 995 2354 sibi
1015 2324 1088 2355 Vict.
1107 2336 1114 2354 :
1138 2325 1193 2354 tibi
1213 2324 1249 2353 M
