1690 2710
547 117 656 154 EPP.
688 118 762 153 AD
791 117 1042 154 ATTICVM
1322 115 1431 151 XVI.
1452 113 1525 149 viii

185 242 298 278 VIII
381 244 501 276 Sekia
517 244 691 275 Puteolano
707 243 737 274 iv
752 244 836 275 Non.
854 243 934 274 Nov.
953 254 981 275 a.
1005 253 1060 282 710
1078 242 1165 284 (44).

292 316 296 319 ’
544 330 710 361 CICERO
731 330 904 361 ATTICO
926 330 1029 361 SAL.

197 420 297 458 Cum
326 416 442 456 sciam
471 430 548 466 quo
569 417 631 454 die
650 424 830 454 venturus
859 416 940 462 sim,
963 416 1098 454 faciam
1126 423 1165 453 ut
1195 414 1301 453 scias.
1356 416 1430 452 Im·
1448 425 1465 452 1

144 481 364 531 pedimenta
401 481 657 529 exspectanda
697 487 784 517 sunt
825 493 924 528 quae
970 478 1146 527 Anagnia
1191 478 1348 516 veniunt
1394 484 1431 514 et

107 552 124 583 5
144 543 285 581 familia
303 556 413 592 aegra
433 550 498 580 est.
558 543 643 580 Kal.
665 541 812 591 vesperi
840 542 985 579 litterae
1010 541 1102 578 mihi
1128 542 1176 579 ab
1206 539 1428 579 Octaviano.

145 608 288 656 Magna
320 605 483 644 molitur.
540 607 752 643 Veteranos
785 605 850 654 qui
880 611 970 642 sunt
1001 604 1158 643 Casilini
1192 611 1227 641 et
1262 603 1431 642 Calatiae

143 669 318 719 perduxit
354 670 403 706 ad
441 682 548 706 suam
586 667 825 706 sententiam.
901 669 984 705 Nec
1031 667 1178 712 mirum,
1219 666 1431 715 quingenos

144 731 319 770 denarios
339 732 415 769 dat.
473 731 624 780 Cogitat
651 730 813 779 reliquas
843 730 1011 768 colonias
1038 729 1153 768 obire.
1212 730 1329 766 Plane
1358 730 1432 767 hoc

144 801 289 843 spectat
318 801 360 831 ut
388 807 428 831 se
456 795 555 832 duce
588 794 730 831 bellum
759 801 907 842 geratur
937 806 1024 831 cum
1055 792 1237 831 Antonio.
1296 794 1432 841 Itaque

89 872 126 894 10
144 856 256 894 video
292 856 423 905 paucis
461 856 597 894 diebus
634 870 704 894 nos
742 855 779 893 in
817 855 930 894 armis
968 857 1056 893 fore.
1133 857 1260 903 Quem
1302 862 1430 893 autem

144 921 376 969 sequamur?
447 919 547 957 Vide
584 933 736 965 nomen,
776 919 863 957 vide
898 927 1072 957 aetatem.
1147 921 1275 968 Atque
1312 932 1334 956 a
1371 931 1432 956 me

143 984 309 1031 postulat
337 982 501 1031 primum
530 989 571 1019 ut
600 983 696 1019 clam
727 984 980 1031 conloquatur
1008 995 1159 1019 mecum
1188 982 1246 1019 vel
1276 982 1432 1030 Capuae

143 1047 201 1084 vel
230 1060 307 1084 non
337 1048 449 1095 longe
477 1059 499 1083 a
528 1047 670 1094 Capua.
729 1045 876 1084 Puerile
905 1047 979 1083 hoc
1008 1045 1175 1094 quidem,
1197 1045 1227 1082 si
1256 1045 1294 1083 id
1324 1051 1432 1094 putat

144 1111 241 1146 clam
270 1108 347 1146 fieri
376 1121 499 1158 posse.
559 1108 683 1146 Docui
714 1122 780 1157 per
807 1108 947 1146 litteras
967 1108 1006 1146 id
1035 1122 1106 1146 nec
1132 1121 1228 1156 opus
1255 1121 1336 1145 esse
1360 1120 1431 1145 nee

89 1187 124 1217 15
144 1172 222 1210 fieri
242 1185 363 1221 posse.
422 1171 528 1209 Misit
548 1172 597 1209 ad
617 1184 678 1208 me
699 1171 904 1210 Caecinam
925 1172 1118 1220 quendam
1139 1172 1430 1208 Volaterranum
1449 1181 1473 1207 2

143 1236 364 1273 familiarem
385 1248 496 1272 suum
513 1249 523 1282 3
551 1234 616 1283 qui
636 1236 730 1272 haec
750 1235 913 1283 pertulit,
936 1234 1148 1273 Antonium
1175 1247 1261 1272 cum
1283 1233 1431 1282 legione

144 1300 378 1336 Alaudarum
415 1299 465 1336 ad
505 1298 639 1336 urbem
684 1311 847 1346 pergere,
888 1297 1069 1346 pecunias
1114 1297 1330 1345 municipiis
1367 1296 1433 1333 im-

144 1376 284 1412 perare,
316 1361 506 1410 legionem
543 1362 614 1399 sub
653 1360 767 1409 signis
805 1362 955 1399 ducere.
1013 1361 1265 1400 Consultabat
1306 1367 1432 1397 utrum

145 1427 311 1463 Romam
347 1438 433 1462 cum
466 1436 530 1469 Clo
560 1436 624 1462 ρῐῑ)
654 1435 718 1462 Clo
748 1432 1011 1462 veteranorum
1047 1423 1348 1473 proficisceretur
1384 1436 1432 1460 an

90 1503 128 1524 20
146 1489 319 1537 Capuam
340 1495 483 1525 teneret
504 1495 540 1525 et
569 1487 782 1525 Antonium
811 1488 1027 1525 venientem
1055 1488 1271 1525 excluderet
1297 1499 1344 1523 an
1366 1485 1433 1523 iret

143 1553 193 1590 ad
223 1551 287 1589 tris
320 1551 488 1600 legiones
528 1551 801 1589 Macedonicas
838 1564 937 1600 quae
974 1550 1043 1589 iter
1079 1551 1291 1588 secundum
1331 1563 1433 1587 mare

144 1627 323 1664 superum
350 1614 520 1661 faciunt;
552 1627 646 1663 quas
676 1621 800 1663 sperat
828 1627 913 1651 suas
940 1627 1032 1651 esse.
1092 1615 1170 1651 Eae
1199 1612 1431 1662 congiarium

143 1678 192 1716 ab
226 1677 398 1715 Antonio
429 1677 602 1726 accipere
635 1678 848 1722 noluerunt,
879 1684 919 1714 ut
953 1676 1014 1714 hic
1045 1676 1200 1725 quidem
1232 1683 1366 1722 narrat,
1397 1683 1434 1714 et

145 1740 179 1779 ei
207 1739 424 1778 convicium
451 1753 562 1789 grave
593 1741 762 1777 fecerunt
792 1739 1159 1788 contionantemque
1189 1739 1430 1788 reliquerunt.

89 1819 125 1849 25
147 1803 253 1852 Quid
289 1803 466 1853 quaeris?
512 1804 650 1841 ducem
689 1817 728 1840 se
765 1804 962 1852 profitetur
998 1815 1069 1840 nec
1107 1815 1176 1840 nos
1218 1802 1289 1840 sibi
1326 1809 1434 1851 putat

145 1869 279 1905 deesse
325 1874 508 1916 oportere.
586 1866 778 1915 Equidem
822 1866 919 1903 suasi
968 1873 1007 1903 ut
1047 1868 1213 1903 Romam
1251 1872 1430 1914 pergeret.

144 1930 306 1968 Videtur
335 1930 438 1968 enim
472 1928 565 1966 mihi
595 1936 632 1966 et
669 1929 908 1977 plebeculam
947 1930 1131 1966 urbanam
1169 1936 1216 1974 et,
1249 1928 1277 1965 si
1317 1929 1448 1975 fidem?

145 1993 283 2040 fecerit,
306 1993 420 2031 etiarn
450 1993 572 2030 bonos
602 1992 700 2030 viros
730 2006 859 2030 secum
889 1992 1096 2030 habiturus.
1155 1993 1190 2030 O
1221 1994 1346 2038 Brute,
1368 1991 1433 2029 ubi

145 2058 213 2094 es?
251 2064 432 2106 quantam
464 2057 640 2104 εὐκαιρίαν
667 2055 832 2092 amittis!
890 2056 978 2092 Non
1017 2055 1196 2103 equidem
1234 2056 1308 2092 hoc
1345 2055 1435 2092 divi-

89 2132 128 2162 30
146 2119 231 2157 navi
264 2121 331 2157 sed
365 2119 508 2168 aliquid
542 2121 616 2156 tale
649 2118 775 2167 putavi
806 2120 894 2155 fore.
952 2120 1066 2155 Nunc
1096 2126 1202 2155 tuum
1232 2118 1433 2155 consilium

146 2182 312 2232 exquiro.
388 2184 603 2220 Romamne
641 2182 752 2219 venio
789 2195 836 2218 an
882 2181 942 2218 hic
981 2195 1118 2219 maneo
1154 2194 1203 2218 an
1247 2181 1434 2230 Arpinum

188 2283 208 2311 6
231 2281 373 2320 quisunt
396 2280 511 2310 Klots:
534 2281 644 2319 quiqui
663 2279 720 2308 M:
737 2280 806 2318 sort
831 2279 884 2318 qui
902 2281 1033 2318 quidem
1126 2291 1161 2319 13
1184 2280 1235 2310 vel
1253 2291 1316 2310 non
1336 2281 1434 2319 longe

148 2334 166 2354 a
188 2325 301 2362 Capua
323 2334 351 2354 v.
366 2333 389 2353 c.
415 2322 443 2352 L
461 2323 600 2363 (marg.)
628 2317 675 2351 Zb
694 2322 778 2353 Crat.
800 2334 806 2352 :
828 2333 891 2353 om.
923 2326 976 2352 ΣΔ
1109 2324 1144 2352 18
1167 2323 1226 2353 sub
1251 2317 1293 2352 Z¹¹
1319 2322 1409 2354 Μαιι.
1429 2336 1434 2353 :

148 2367 216 2395 suis
236 2366 273 2394 M
373 2374 408 2403 31
434 2366 562 2395 veniam
583 2389 588 2395 .
605 2389 610 2394 .
630 2388 636 2394 .
656 2375 803 2394 mancam
825 2363 1008 2404 lVesenberg
1034 2395 1042 2402 ,
