1590 2730
556 128 666 165 ΕΡΡ.
696 128 772 163 AD
801 129 1050 166 ATTICVM
1367 131 1435 167 XI.
1459 106 1549 165 x'xfi

147 247 279 283 passus
299 242 355 271 est
380 236 429 272 de
448 234 522 271 illo.
581 235 698 282 Quod
724 234 879 283 quidem
904 236 996 273 mihi
1022 239 1226 275 molestum
1252 251 1330 275 non
1350 246 1430 284 est;

146 297 240 335 illud
260 298 468 344 molestius,
488 297 577 334 istas
597 297 880 346 impetrationes
900 307 1046 336 nostras
1066 301 1160 337 nihil
1180 303 1312 338 valere.

199 362 311 406 Sulla,
335 368 375 397 ut
395 352 540 409 opinor,
562 374 643 398 cras
663 361 731 398 erit
751 361 812 398 hic
833 375 920 399 cum
942 364 1130 400 Messalla.
1189 366 1354 402 Currunt
1380 367 1429 402 ad
1447 373 1472 400 2

147 424 254 461 illum
286 423 384 473 pulsi
416 437 439 460 a
467 424 649 462 militibus
678 424 743 473 qui
777 438 816 462 se
848 434 988 473 negant
1020 440 1191 475 usquam,
1223 428 1294 465 nisi
1327 442 1430 465 acce-

113 498 130 529 5
148 487 280 536 perint.
349 489 450 535 Ergo
480 487 542 524 ille
575 488 649 525 huc
681 487 818 533 veniet,
854 490 958 536 quod
991 502 1069 526 non
1098 491 1294 539 putabant,
1324 493 1429 528 tarde

147 550 313 599 quidem.
355 550 496 606 Itinera
515 550 616 587 enim
636 550 688 588 ita
708 551 796 588 facit
815 558 856 588 ut
876 553 1016 589 multos
1036 552 1116 589 dies
1136 553 1175 590 in
1194 554 1429 602 †oppidum†

146 621 273 663 ponat.
314 614 528 651 Pharnaces
543 621 681 659 autem,
697 627 854 663 quoquo
870 616 988 652 modo
1003 623 1097 663 aget,
1112 618 1256 654 adferet
1272 631 1427 654 moram.

147 676 252 723 Quid
279 676 372 713 mihi
400 676 511 725 igitur
539 679 701 715 censes?
757 679 839 714 Iam
869 678 971 714 enim
1000 692 1157 726 corpore
1176 680 1237 716 vix
1262 681 1430 718 sustineo

145 740 365 788 gravitatem
384 740 495 777 huius
512 741 605 778 caeli
626 754 723 789 quae
743 741 836 777 mihi
857 742 1075 790 languorem
1096 741 1217 780 adfert
1232 744 1270 780 in
1286 745 1428 782 dolore.

91 818 127 839 10
146 806 208 840 An
229 803 286 841 his
306 804 394 841 illuc
415 804 593 842 euntibus
610 806 788 842 mandem
810 812 850 842 ut
866 818 927 842 me
947 814 1136 852 excusent,
1155 806 1234 854 ipse
1249 809 1430 845 accedam

146 867 330 916 propius?
372 870 537 916 Quaeso,
559 869 714 905 attende
734 876 771 905 et
791 882 862 913 me,
879 869 983 916 quod
1002 870 1128 906 adhuc
1149 882 1261 918 saepe
1281 879 1431 919 rogatus

145 944 223 967 non
252 931 384 977 fecisti,
407 931 566 968 consilio
592 931 687 968 iuva.
746 931 833 969 Scio
860 945 937 968 rem
964 932 1155 969 difficilem
1184 946 1274 978 esse,
1298 935 1365 971 sed
1391 942 1431 971 ut

145 995 185 1031 in
207 995 314 1031 malis
335 995 449 1032 etiam
470 995 564 1032 illud
585 1008 668 1032 mea
689 995 815 1043 magni
836 995 989 1032 interest
1010 1003 1046 1032 te
1066 1003 1106 1032 ut
1126 996 1286 1033 videam.
1345 999 1430 1034 Pro-

145 1059 245 1095 fecto
271 1058 416 1107 aliquid
442 1060 648 1107 profecero,
671 1059 701 1095 si
728 1058 766 1096 id
794 1058 983 1096 acciderit.
1043 1060 1103 1096 De
1129 1066 1366 1106 testamento,
1390 1069 1430 1098 ut

91 1132 125 1162 15
145 1121 288 1167 scribis,
310 1121 597 1160 animadvertes

185 1248 341 1282 XXIII
433 1251 500 1282 Str,
522 1251 680 1281 Brundisi
691 1252 735 1282 vii
747 1251 794 1282 ld.
815 1251 922 1291 Quint.
940 1262 970 1282 (ι.
989 1261 1046 1290 707
1063 1251 1145 1291 (47).

541 1336 711 1366 CICERO
743 1336 907 1367 ATTICO
939 1337 1035 1368 SAL.

197 1414 314 1460 Quod
343 1414 392 1450 ad
421 1420 458 1450 te
486 1412 707 1461 scripseram
737 1421 777 1449 ut
806 1425 893 1449 cum
923 1412 1087 1450 Camillo
1115 1412 1427 1458 communicares,
1449 1427 1467 1455 1

144 1478 192 1514 de
230 1490 276 1514 eo
315 1477 498 1515 Camillus
537 1476 630 1513 mihi
668 1476 815 1525 scripsit
853 1481 885 1512 le
922 1489 1052 1513 secum
1089 1478 1270 1513 locutum.
1327 1478 1430 1513 Tuas

88 1553 126 1574 20
144 1540 284 1578 litteras
312 1541 603 1589 exspectabam,
633 1539 704 1576 nisi
725 1539 818 1577 illud
842 1539 998 1587 quidem
1025 1539 1171 1586 mutari,
1194 1539 1224 1576 si
1249 1539 1355 1576 aliter
1374 1548 1430 1577 est

143 1612 180 1641 et
209 1612 368 1653 oportet,
391 1618 468 1641 non
498 1604 610 1641 video
638 1616 759 1651 posse.
818 1604 894 1640 Sed
922 1616 1009 1640 cum
1036 1603 1085 1640 ab
1108 1603 1172 1639 illo
1197 1603 1428 1652 accepissem

143 1667 293 1714 litteras,
325 1668 535 1705 desideravi
562 1675 645 1704 tuas
675 1666 761 1716 (etsi
789 1667 970 1716 putabam
1001 1674 1037 1704 te
1063 1666 1260 1705 certiorem
1287 1668 1427 1704 factum

142 1744 220 1768 non
240 1732 349 1779 esse),
373 1733 491 1769 modo
511 1733 653 1769 valeres
667 1746 677 1778 ,-
706 1730 906 1780 scripseras
927 1730 1028 1768 enim
1049 1738 1086 1767 te
1106 1731 1274 1778 quodam
1290 1732 1428 1768 valetu-

141 1793 241 1831 dinis
260 1808 396 1843 genere
415 1795 600 1844 temptari.

87 1872 122 1902 25
194 1858 358 1906 Agusius
396 1858 551 1907 quidam
588 1859 729 1895 Rhodo
763 1866 916 1895 venerat
947 1869 1017 1893 vni
1054 1858 1146 1894 Idus
1181 1856 1310 1903 Quint.
1387 1858 1468 1894 Is2

141 1921 340 1958 nuntiabat
361 1921 549 1969 Quintum
576 1922 695 1959 filium
721 1923 770 1959 ad
792 1923 993 1959 Caesarem
1021 1922 1232 1969 profectum
1254 1932 1313 1956 1111
1338 1922 1423 1957 Kal.

143 1985 238 2029 Iun.,
264 1985 509 2022 Philotimum
533 1987 717 2023 Rhodum
738 1985 859 2034 pridie
879 1998 966 2022 eum
988 1984 1089 2021 diem
1110 1983 1266 2028 venisse,
1286 1984 1426 2021 habere

139 2049 189 2085 ad
215 2062 276 2085 me
304 2048 454 2086 litteras.
514 2050 646 2098 Ipsum
673 2049 858 2098 Agusium
885 2048 1027 2085 audies.
1086 2048 1161 2084 Sed
1189 2046 1330 2084 tardius
1358 2047 1426 2085 iter

140 2111 311 2149 faciebat.
370 2113 427 2148 Eo
456 2111 527 2149 feci
554 2120 594 2149 ut
622 2111 699 2163 [eo]
728 2111 897 2149 celeriter
923 2111 1027 2148 eunti
1051 2112 1190 2147 darem.
1250 2110 1354 2157 Quid
1379 2110 1425 2147 sit

181 2213 201 2241 6
224 2212 396 2250 oppidum]
423 2223 489 2242 uno
514 2214 635 2251 oppido
660 2214 864 2252 Peerlkamp:
899 2212 1029 2251 oppidis
1054 2212 1169 2242 Lamb.
1298 2223 1318 2250 9
1342 2222 1424 2250 quae

139 2253 255 2285 Lamb.
273 2266 280 2284 :
304 2255 358 2292 qui
376 2255 431 2284 M:
456 2256 532 2293 quia
548 2256 644 2285 Klotz
730 2256 920 2293 languorem
938 2254 1162 2286 Vrst'm'sodex:
1186 2254 1330 2284 laborem
1342 2253 1429 2282 MIV

143 2306 179 2333 13
203 2297 235 2326 ἰη
253 2296 324 2326 add.
338 2297 516 2326 Beroaldus
646 2308 683 2336 19
706 2299 834 2336 scripsit
853 2303 884 2326 te
901 2307 1010 2327 secum
1027 2297 1140 2327 Rom.:
1163 2297 1334 2335 scripsisse
1351 2307 1422 2326 cum

140 2338 227 2367 MW
366 2350 406 2369 20
430 2344 480 2369 est
501 2339 576 2369 WI:
601 2350 662 2370 om.
681 2339 721 2368 M
862 2349 902 2377 29
926 2349 964 2369 eo
981 2339 1035 2369 del.
1052 2339 1220 2369 Graevius
1247 2340 1305 2368 has
1322 2339 1418 2369 Rom.
