1590 2730
95 147 186 182 XII.
204 158 267 182 xx
555 147 608 183 Μ.
639 147 801 183 TVLLI
832 148 1128 185 CICERONIS

200 252 261 289 De
279 252 459 290 Terentia
487 259 615 290 autem
644 251 774 300 scripsi
801 253 850 290 ad
877 259 914 290 te
940 252 993 290 eis
1021 251 1152 290 litteris
1181 266 1275 301 quas
1301 253 1482 291 dederam

198 314 329 363 pridie.
388 316 506 362 Quod
527 328 587 352 me
608 315 766 352 hortaris
787 315 902 364 idque
922 329 944 353 a
964 316 1095 353 ceteris
1120 316 1324 353 desiderari
1350 316 1482 354 scribis

198 385 239 415 ut
271 378 507 416 dissimulem
541 392 602 416 me
639 386 715 415 tam
753 378 912 427 graviter
949 380 1090 426 dolere,
1120 392 1327 428 possumne
1364 379 1481 427 magis

198 454 312 489 quam
334 454 450 490 quom
470 448 571 479 totos
592 441 672 478 dies
699 454 884 479 consumo
905 441 942 478 in
963 441 1122 479 litteris?
1177 443 1294 489 Quod
1315 441 1384 479 etsi
1403 455 1482 479 non

198 504 510 542 dissimulationis
538 506 604 541 sed
628 505 755 553 potius
779 504 946 542 leniendi
974 512 1010 542 et
1036 505 1197 542 sanandi
1223 504 1340 542 animi
1368 518 1482 543 causa
1500 519 1518 549 5

198 567 307 613 facio,
329 575 457 605 tamen
483 567 513 604 si
538 567 630 604 mihi
660 567 784 605 minus
813 567 970 617 proficio
999 568 1231 606 simulationi
1258 576 1358 607 certe
1384 569 1481 607 facio

199 630 298 666 satis.

157 703 180 730 2
253 693 383 731 Minus
404 695 522 731 multa
541 695 590 731 ad
611 701 647 731 te
667 693 809 742 scripsi,
827 695 931 742 quod
952 694 1218 742 exspectabam
1239 702 1322 732 tuas
1341 695 1482 733 litteras

197 757 247 792 ad
267 769 329 793 eas
350 769 443 804 quas
463 756 584 804 pridie
608 757 799 794 dederam.
859 757 1136 804 Exspectabam
1164 764 1291 794 autem
1319 758 1482 796 maxime

197 821 245 856 de
278 821 377 865 fano,
408 833 485 857 non
517 820 610 857 nihil
641 820 754 857 etiam
786 822 834 857 de
867 820 1056 858 Terentia.
1113 820 1239 857 Velim
1274 834 1335 858 me
1366 821 1480 859 facias
1504 836 1540 858 10

196 882 393 920 certiorem
435 883 614 931 proximis
656 883 786 920 litteris
825 884 894 920 Cn.
937 883 1082 931 Caepio
1124 883 1301 921 Serviliae
1343 884 1481 922 Claudi

196 953 301 993 pater
329 945 465 982 vivone
494 953 598 994 patre
628 958 698 982 suo
731 945 925 993 naufragio
954 945 1103 993 perierit
1132 959 1180 982 an
1208 953 1368 991 mortuo,
1391 946 1480 983 item

197 1009 339 1045 Rutilia
369 1008 505 1046 vivone
538 1009 581 1046 C.
613 1009 728 1046 Cotta
760 1007 838 1045 filio
869 1021 938 1046 suo
977 1016 1125 1046 mortua
1157 1008 1204 1046 sit
1236 1022 1284 1046 an
1318 1017 1478 1046 mortuo.

196 1072 391 1110 Pertinent
421 1073 469 1110 ad
500 1085 588 1110 eum
622 1072 760 1110 librum
794 1085 908 1121 quem
940 1073 988 1110 de
1020 1074 1123 1110 luctu
1156 1072 1366 1110 minuendo
1397 1072 1481 1110 scri-

194 1135 351 1186 psimus.
1502 1149 1538 1182 15

237 1232 345 1268 XXI
504 1235 570 1267 Scr.
590 1235 734 1266 Asturae
748 1236 805 1266 xvi
816 1235 858 1266 K.
876 1235 958 1274 Apr.
975 1246 1004 1265 a.
1028 1245 1084 1275 709
1104 1236 1183 1274 (45).

584 1309 750 1341 CICERO
779 1309 958 1340 ATTICO
986 1309 1089 1340 SAL.

162 1400 179 1426 1
249 1386 341 1435 Legi
367 1386 471 1424 Bruti
500 1386 700 1435 epistulam
730 1399 891 1434 eamque
921 1385 987 1422 tibi
1018 1385 1143 1423 remisi
1172 1399 1262 1423 sanc
1292 1399 1369 1423 non
1399 1399 1481 1434 pru-

195 1451 330 1487 denter
348 1449 570 1498 rescriptum
591 1450 640 1486 ad
661 1462 704 1485 ea
725 1462 823 1497 quae
844 1447 1076 1496 requisieras,
1135 1450 1211 1486 Sed
1233 1449 1312 1496 ipse
1333 1449 1478 1487 viderit.

196 1513 441 1561 Quamquam
468 1512 561 1549 illud
591 1512 746 1560 turpiter
775 1511 929 1559 ignorat.
988 1512 1176 1549 Catonem
1206 1511 1369 1560 primum
1400 1525 1480 1549 sen·
1499 1527 1539 1549 20

194 1575 351 1612 tentiam
373 1582 479 1623 putat
503 1576 551 1612 de
576 1574 905 1612 animadversione
930 1573 1067 1611 dixisse
1094 1587 1209 1622 quam
1234 1587 1368 1612 omnes
1391 1583 1479 1613 ante

194 1638 365 1676 dixerant
403 1645 549 1687 praeter
587 1638 789 1676 Caesarem
828 1644 876 1681 et,
908 1650 995 1673 cum
1035 1636 1152 1684 ipsius
1192 1637 1364 1675 Caesaris
1402 1645 1478 1674 tam

194 1713 323 1738 severa
352 1700 462 1738 suerit
493 1700 557 1748 qui
590 1707 671 1737 tum
705 1699 893 1748 praetorio
927 1701 1013 1737 loco
1047 1699 1191 1744 dixerit,
1224 1700 1478 1737 consularium

194 1770 301 1812 putat
330 1762 490 1800 leniores
519 1762 645 1808 fuisse,
670 1761 807 1806 Catuli,
837 1761 977 1806 Servili,
1009 1763 1265 1807 Lucullorum,
1289 1762 1478 1809 Curionis,

194 1826 390 1875 Torquati,
414 1825 560 1875 Lepidi,
583 1826 693 1871 Gelli,
715 1825 883 1866 Volcaei,
908 1824 1039 1873 Figuli,
1062 1826 1210 1870 Cottae,
1233 1826 1274 1862 L.
1294 1826 1476 1872 Caesaris,
1499 1841 1536 1873 25

196 1890 239 1927 C.
266 1889 425 1935 Pisonis,
449 1891 513 1926 Μ’.
537 1889 765 1934 Glabrionis,
791 1888 904 1926 etiam
943 1888 1069 1933 Silani,
1098 1890 1283 1926 Murenae
1310 1889 1479 1937 designa-

195 1959 319 1990 torum
349 1955 560 1991 consulum.
619 1954 696 1991 Cur
723 1965 792 2000 ego
819 1951 856 1988 in
884 1951 1110 1988 sententiam
1133 1951 1323 1989 Catonis?
1379 1952 1480 2000 Quia

193 2015 317 2054 verbis
337 2016 650 2054 luculentioribus
676 2023 712 2053 et
739 2014 909 2063 pluribus
938 2027 1016 2051 rem
1044 2015 1206 2052 eandem
1234 2016 1479 2063 comprehen-

193 2080 309 2116 derat.
369 2081 434 2117 Me
463 2087 591 2117 autem
622 2079 683 2115 liic
718 2079 845 2115 laudat
878 2078 981 2126 quod
1014 2078 1231 2123 rettulerim,
1264 2091 1341 2115 non
1373 2080 1477 2126 quod

194 2143 446 2191 patefecerim,
469 2144 568 2190 qnod
585 2143 803 2179 cohortatus
824 2140 908 2186 Sim,
929 2142 1033 2189 quod
1061 2140 1227 2189 denique
1252 2148 1340 2178 ante
1361 2154 1475 2189 quam
1497 2155 1536 2185 30

234 2254 252 2272 2
266 2243 345 2282 sort.
364 2243 469 2282 pridie
487 2243 533 2274 Id.
553 2242 695 2280 idemque
712 2242 729 2271 Ι.
750 2251 770 2279 9
889 2251 908 2278 4
931 2251 1027 2279 quom
1047 2240 1147 2279 (euml
1169 2240 1365 2271 Gronovius:
1388 2241 1476 2279 quod

193 2285 233 2314 M
372 2287 413 2315 26
436 2286 532 2316 etiam
559 2288 631 2315 ante
655 2284 759 2315 Silani
783 2284 961 2322 transponit
984 2283 1084 2313 Boot:
1117 2287 1189 2312 ante
1217 2283 1269 2313 Μ’.
1293 2283 1476 2313 Glabrionis

192 2328 305 2357 habent
320 2328 404 2358 codd.
535 2338 576 2365 30
599 2327 684 2364 quod
701 2325 773 2355 add.
797 2325 872 2354 Vici.
