<?xml version="1.0" encoding="UTF-8"?>
<!DOCTYPE html PUBLIC "-//W3C//DTD XHTML 1.0 Transitional//EN"
    "http://www.w3.org/TR/xhtml1/DTD/xhtml1-transitional.dtd">
<html xmlns="http://www.w3.org/1999/xhtml" xml:lang="en" lang="en">
 <head>
  <title>
</title>
<meta http-equiv="Content-Type" content="text/html;charset=utf-8" />
  <meta name='ocr-system' content='tesseract 3.04.00' />
  <meta name='ocr-capabilities' content='ocr_page ocr_carea ocr_par ocr_line ocrx_word'/>
</head>
<body>
  <div class='ocr_page' id='page_1' title='image "./mtulliciceronise00cice_0153.png"; bbox 0 0 1590 2730; ppageno 0'>
   <div class='ocr_carea' id='block_1_1' title="bbox 89 505 106 537">
    <p class='ocr_par' dir='ltr' id='par_1_1' title="bbox 89 505 106 537">
     <span class='ocr_line' id='line_1_1' title="bbox 89 505 106 537; baseline 0 0"><span class='ocrx_word' id='word_1_1' title='bbox 89 505 106 537; x_wconf 88' lang='lat'>5</span> 
     </span>
    </p>
   </div>
   <div class='ocr_carea' id='block_1_2' title="bbox 70 826 109 850">
    <p class='ocr_par' dir='ltr' id='par_1_2' title="bbox 70 826 109 850">
     <span class='ocr_line' id='line_1_2' title="bbox 70 826 109 850; baseline -0.051 0"><span class='ocrx_word' id='word_1_2' title='bbox 70 826 109 850; x_wconf 85' lang='lat'>10</span> 
     </span>
    </p>
   </div>
   <div class='ocr_carea' id='block_1_3' title="bbox 72 1585 110 1606">
    <p class='ocr_par' dir='ltr' id='par_1_3' title="bbox 72 1585 110 1606">
     <span class='ocr_line' id='line_1_3' title="bbox 72 1585 110 1606; baseline 0 0"><span class='ocrx_word' id='word_1_3' title='bbox 72 1585 110 1606; x_wconf 88' lang='lat'>20</span> 
     </span>
    </p>
   </div>
   <div class='ocr_carea' id='block_1_4' title="bbox 522 129 1472 170">
    <p class='ocr_par' dir='ltr' id='par_1_4' title="bbox 522 129 1472 170">
     <span class='ocr_line' id='line_1_4' title="bbox 522 129 1472 170; baseline -0.004 0"><span class='ocrx_word' id='word_1_4' title='bbox 522 134 630 170; x_wconf 89' lang='lat' dir='ltr'>EPP.</span> <span class='ocrx_word' id='word_1_5' title='bbox 662 134 738 169; x_wconf 94' lang='lat' dir='ltr'>AD</span> <span class='ocrx_word' id='word_1_6' title='bbox 768 133 1019 170; x_wconf 83' lang='lat' dir='ltr'><strong>ATTICVM</strong></span> <span class='ocrx_word' id='word_1_7' title='bbox 1313 131 1405 168; x_wconf 89' lang='lat' dir='ltr'>XII.</span> <span class='ocrx_word' id='word_1_8' title='bbox 1427 129 1472 166; x_wconf 84' lang='lat' dir='ltr'>xl</span> 
     </span>
    </p>
   </div>
   <div class='ocr_carea' id='block_1_5' title="bbox 125 238 1455 1036">
    <p class='ocr_par' dir='ltr' id='par_1_5' title="bbox 126 238 1410 352">
     <span class='ocr_line' id='line_1_5' title="bbox 126 238 1410 291; baseline -0.002 -12"><span class='ocrx_word' id='word_1_9' title='bbox 126 241 166 279; x_wconf 90' lang='lat' dir='ltr'>in</span> <span class='ocrx_word' id='word_1_10' title='bbox 193 247 419 291; x_wconf 85' lang='lat' dir='ltr'>perpetuum</span> <span class='ocrx_word' id='word_1_11' title='bbox 448 239 567 286; x_wconf 86' lang='lat' dir='ltr'>amisi,</span> <span class='ocrx_word' id='word_1_12' title='bbox 598 239 813 277; x_wconf 86' lang='lat' dir='ltr'>constantia</span> <span class='ocrx_word' id='word_1_13' title='bbox 841 247 878 277; x_wconf 90' lang='lat' dir='ltr'>et</span> <span class='ocrx_word' id='word_1_14' title='bbox 906 239 1062 277; x_wconf 84' lang='lat' dir='ltr'>firmitas</span> <span class='ocrx_word' id='word_1_15' title='bbox 1091 253 1162 276; x_wconf 92' lang='lat' dir='ltr'>nec</span> <span class='ocrx_word' id='word_1_16' title='bbox 1194 238 1311 276; x_wconf 88' lang='lat' dir='ltr'>animi</span> <span class='ocrx_word' id='word_1_17' title='bbox 1339 251 1410 276; x_wconf 89' lang='lat' dir='ltr'>nec</span> 
     </span>
     <span class='ocr_line' id='line_1_6' title="bbox 126 304 551 352; baseline -0.005 -10"><span class='ocrx_word' id='word_1_18' title='bbox 126 304 306 342; x_wconf 89' lang='lat' dir='ltr'>orationis</span> <span class='ocrx_word' id='word_1_19' title='bbox 335 304 551 352; x_wconf 81' lang='lat' dir='ltr'><strong>requiretur.</strong></span> 
     </span>
    </p>

    <p class='ocr_par' dir='ltr' id='par_1_6' title="bbox 125 365 1453 731">
     <span class='ocr_line' id='line_1_7' title="bbox 180 365 1453 415; baseline -0.003 -10"><span class='ocrx_word' id='word_1_20' title='bbox 180 369 239 405; x_wconf 92' lang='lat' dir='ltr'>De</span> <span class='ocrx_word' id='word_1_21' title='bbox 268 367 385 405; x_wconf 86' lang='lat' dir='ltr'>hortis</span> <span class='ocrx_word' id='word_1_22' title='bbox 414 366 635 415; x_wconf 80' lang='lat' dir='ltr'>Scapulanis</span> <span class='ocrx_word' id='word_1_23' title='bbox 664 367 739 403; x_wconf 91' lang='lat' dir='ltr'>hoc</span> <span class='ocrx_word' id='word_1_24' title='bbox 767 365 916 403; x_wconf 90' lang='lat' dir='ltr'>videtur</span> <span class='ocrx_word' id='word_1_25' title='bbox 944 366 1040 403; x_wconf 86' lang='lat' dir='ltr'>effici</span> <span class='ocrx_word' id='word_1_26' title='bbox 1069 379 1191 415; x_wconf 85' lang='lat' dir='ltr'>posse,</span> <span class='ocrx_word' id='word_1_27' title='bbox 1213 366 1316 403; x_wconf 91' lang='lat' dir='ltr'>aliud</span> <span class='ocrx_word' id='word_1_28' title='bbox 1345 371 1453 412; x_wconf 90' lang='lat' dir='ltr'>tua4</span> 
     </span>
     <span class='ocr_line' id='line_1_8' title="bbox 125 428 1409 479; baseline -0.002 -12"><span class='ocrx_word' id='word_1_29' title='bbox 125 430 251 479; x_wconf 88' lang='lat' dir='ltr'>gratia,</span> <span class='ocrx_word' id='word_1_30' title='bbox 282 430 386 468; x_wconf 88' lang='lat' dir='ltr'>aliud</span> <span class='ocrx_word' id='word_1_31' title='bbox 415 437 553 476; x_wconf 88' lang='lat' dir='ltr'>nostra,</span> <span class='ocrx_word' id='word_1_32' title='bbox 588 436 630 467; x_wconf 85' lang='lat' dir='ltr'>ut</span> <span class='ocrx_word' id='word_1_33' title='bbox 662 428 841 478; x_wconf 80' lang='lat' dir='ltr'>praeconi</span> <span class='ocrx_word' id='word_1_34' title='bbox 872 429 1115 466; x_wconf 79' lang='lat' dir='ltr'>subiciantur.</span> <span class='ocrx_word' id='word_1_35' title='bbox 1175 430 1221 466; x_wconf 88' lang='lat' dir='ltr'>Id</span> <span class='ocrx_word' id='word_1_36' title='bbox 1252 428 1323 465; x_wconf 79' lang='lat' dir='ltr'>nisi</span> <span class='ocrx_word' id='word_1_37' title='bbox 1356 429 1409 473; x_wconf 84' lang='lat' dir='ltr'>fit,</span> 
     </span>
     <span class='ocr_line' id='line_1_9' title="bbox 126 492 1412 537; baseline -0.003 -6"><span class='ocrx_word' id='word_1_38' title='bbox 126 494 380 531; x_wconf 83' lang='lat' dir='ltr'>excludemur.</span> <span class='ocrx_word' id='word_1_39' title='bbox 439 493 505 531; x_wconf 87' lang='lat' dir='ltr'>Sin</span> <span class='ocrx_word' id='word_1_40' title='bbox 525 494 574 530; x_wconf 92' lang='lat' dir='ltr'>ad</span> <span class='ocrx_word' id='word_1_41' title='bbox 594 493 764 530; x_wconf 87' lang='lat' dir='ltr'>tabulam</span> <span class='ocrx_word' id='word_1_42' title='bbox 784 492 969 537; x_wconf 89' lang='lat' dir='ltr'>venimus,</span> <span class='ocrx_word' id='word_1_43' title='bbox 993 492 1189 529; x_wconf 73' lang='lat' dir='ltr'>vincemus</span> <span class='ocrx_word' id='word_1_44' title='bbox 1216 492 1412 528; x_wconf 81' lang='lat' dir='ltr'>facultates</span> 
     </span>
     <span class='ocr_line' id='line_1_10' title="bbox 127 555 1413 605; baseline -0.004 -10"><span class='ocrx_word' id='word_1_45' title='bbox 127 556 293 595; x_wconf 89' lang='lat' dir='ltr'>Othonis</span> <span class='ocrx_word' id='word_1_46' title='bbox 319 563 447 594; x_wconf 89' lang='lat' dir='ltr'>nostra</span> <span class='ocrx_word' id='word_1_47' title='bbox 474 555 692 605; x_wconf 86' lang='lat' dir='ltr'>cupiditate.</span> <span class='ocrx_word' id='word_1_48' title='bbox 752 556 852 592; x_wconf 90' lang='lat' dir='ltr'>Nam</span> <span class='ocrx_word' id='word_1_49' title='bbox 883 555 988 604; x_wconf 90' lang='lat' dir='ltr'>quod</span> <span class='ocrx_word' id='word_1_50' title='bbox 1015 556 1064 592; x_wconf 90' lang='lat' dir='ltr'>ad</span> <span class='ocrx_word' id='word_1_51' title='bbox 1091 568 1152 591; x_wconf 89' lang='lat' dir='ltr'>me</span> <span class='ocrx_word' id='word_1_52' title='bbox 1176 555 1224 592; x_wconf 90' lang='lat' dir='ltr'>de</span> <span class='ocrx_word' id='word_1_53' title='bbox 1248 555 1413 591; x_wconf 86' lang='lat' dir='ltr'>Lentulo</span> 
     </span>
     <span class='ocr_line' id='line_1_11' title="bbox 127 617 1412 666; baseline -0.002 -9"><span class='ocrx_word' id='word_1_54' title='bbox 127 619 269 666; x_wconf 87' lang='lat' dir='ltr'>scribis,</span> <span class='ocrx_word' id='word_1_55' title='bbox 284 632 362 656; x_wconf 91' lang='lat' dir='ltr'>non</span> <span class='ocrx_word' id='word_1_56' title='bbox 382 622 462 659; x_wconf 88' lang='lat' dir='ltr'>†est</span> <span class='ocrx_word' id='word_1_57' title='bbox 477 619 516 656; x_wconf 90' lang='lat' dir='ltr'>in</span> <span class='ocrx_word' id='word_1_58' title='bbox 536 621 616 658; x_wconf 89' lang='lat' dir='ltr'>e0†.</span> <span class='ocrx_word' id='word_1_59' title='bbox 667 618 877 656; x_wconf 86' lang='lat' dir='ltr'>Faberiana</span> <span class='ocrx_word' id='word_1_60' title='bbox 897 619 1015 655; x_wconf 91' lang='lat' dir='ltr'>modo</span> <span class='ocrx_word' id='word_1_61' title='bbox 1036 631 1092 655; x_wconf 89' lang='lat' dir='ltr'>res</span> <span class='ocrx_word' id='word_1_62' title='bbox 1113 624 1213 655; x_wconf 90' lang='lat' dir='ltr'>certa</span> <span class='ocrx_word' id='word_1_63' title='bbox 1233 617 1279 654; x_wconf 89' lang='lat' dir='ltr'>sit</span> <span class='ocrx_word' id='word_1_64' title='bbox 1295 624 1412 665; x_wconf 83' lang='lat' dir='ltr'>tuque</span> 
     </span>
     <span class='ocr_line' id='line_1_12' title="bbox 127 681 1163 731; baseline -0.001 -12"><span class='ocrx_word' id='word_1_65' title='bbox 127 682 278 728; x_wconf 89' lang='lat' dir='ltr'>enitare,</span> <span class='ocrx_word' id='word_1_66' title='bbox 301 683 406 731; x_wconf 86' lang='lat' dir='ltr'>quod</span> <span class='ocrx_word' id='word_1_67' title='bbox 426 681 527 728; x_wconf 76' lang='lat' dir='ltr'>facis,</span> <span class='ocrx_word' id='word_1_68' title='bbox 551 682 657 730; x_wconf 85' lang='lat' dir='ltr'>quod</span> <span class='ocrx_word' id='word_1_69' title='bbox 677 683 853 719; x_wconf 84' lang='lat' dir='ltr'>volumus</span> <span class='ocrx_word' id='word_1_70' title='bbox 874 694 1163 730; x_wconf 83' lang='lat' dir='ltr'>consequemur.</span> 
     </span>
    </p>

    <p class='ocr_par' dir='ltr' id='par_1_7' title="bbox 126 744 1455 1036">
     <span class='ocr_line' id='line_1_13' title="bbox 180 744 1455 794; baseline -0.002 -12"><span class='ocrx_word' id='word_1_71' title='bbox 180 746 297 792; x_wconf 88' lang='lat' dir='ltr'>Quod</span> <span class='ocrx_word' id='word_1_72' title='bbox 325 745 474 794; x_wconf 87' lang='lat' dir='ltr'>quaeris</span> <span class='ocrx_word' id='word_1_73' title='bbox 494 757 609 794; x_wconf 87' lang='lat' dir='ltr'>quam</span> <span class='ocrx_word' id='word_1_74' title='bbox 636 744 701 782; x_wconf 91' lang='lat' dir='ltr'>diu</span> <span class='ocrx_word' id='word_1_75' title='bbox 729 744 813 782; x_wconf 91' lang='lat' dir='ltr'>hic:</span> <span class='ocrx_word' id='word_1_76' title='bbox 843 757 986 793; x_wconf 88' lang='lat' dir='ltr'>paucos</span> <span class='ocrx_word' id='word_1_77' title='bbox 1016 744 1107 782; x_wconf 89' lang='lat' dir='ltr'>dies.</span> <span class='ocrx_word' id='word_1_78' title='bbox 1166 745 1241 781; x_wconf 81' lang='lat' dir='ltr'>Sed</span> <span class='ocrx_word' id='word_1_79' title='bbox 1268 751 1409 781; x_wconf 86' lang='lat' dir='ltr'>certum</span> <span class='ocrx_word' id='word_1_80' title='bbox 1431 749 1455 786; x_wconf 90' lang='lat'>5</span> 
     </span>
     <span class='ocr_line' id='line_1_14' title="bbox 127 807 1413 854; baseline -0.002 -8"><span class='ocrx_word' id='word_1_81' title='bbox 127 822 205 846; x_wconf 90' lang='lat' dir='ltr'>non</span> <span class='ocrx_word' id='word_1_82' title='bbox 225 809 360 846; x_wconf 88' lang='lat' dir='ltr'>habeo.</span> <span class='ocrx_word' id='word_1_83' title='bbox 418 808 538 846; x_wconf 88' lang='lat' dir='ltr'>Simul</span> <span class='ocrx_word' id='word_1_84' title='bbox 557 821 602 845; x_wconf 87' lang='lat' dir='ltr'>ac</span> <span class='ocrx_word' id='word_1_85' title='bbox 631 808 875 854; x_wconf 82' lang='lat' dir='ltr'>constituero,</span> <span class='ocrx_word' id='word_1_86' title='bbox 897 809 946 845; x_wconf 91' lang='lat' dir='ltr'>ad</span> <span class='ocrx_word' id='word_1_87' title='bbox 976 815 1011 845; x_wconf 90' lang='lat' dir='ltr'>te</span> <span class='ocrx_word' id='word_1_88' title='bbox 1038 807 1212 852; x_wconf 84' lang='lat' dir='ltr'>scribam,</span> <span class='ocrx_word' id='word_1_89' title='bbox 1235 815 1272 844; x_wconf 90' lang='lat' dir='ltr'>et</span> <span class='ocrx_word' id='word_1_90' title='bbox 1299 814 1338 844; x_wconf 87' lang='lat' dir='ltr'>tu</span> <span class='ocrx_word' id='word_1_91' title='bbox 1365 807 1413 843; x_wconf 85' lang='lat' dir='ltr'>ad</span> 
     </span>
     <span class='ocr_line' id='line_1_15' title="bbox 128 870 1414 920; baseline -0.001 -12"><span class='ocrx_word' id='word_1_92' title='bbox 128 885 188 909; x_wconf 91' lang='lat' dir='ltr'>me</span> <span class='ocrx_word' id='word_1_93' title='bbox 209 885 324 920; x_wconf 88' lang='lat' dir='ltr'>quarn</span> <span class='ocrx_word' id='word_1_94' title='bbox 343 871 409 910; x_wconf 90' lang='lat' dir='ltr'>diu</span> <span class='ocrx_word' id='word_1_95' title='bbox 429 871 467 908; x_wconf 92' lang='lat' dir='ltr'>in</span> <span class='ocrx_word' id='word_1_96' title='bbox 487 871 708 909; x_wconf 88' lang='lat' dir='ltr'>suburbano</span> <span class='ocrx_word' id='word_1_97' title='bbox 735 871 784 908; x_wconf 89' lang='lat' dir='ltr'>sis</span> <span class='ocrx_word' id='word_1_98' title='bbox 804 873 962 908; x_wconf 82' lang='lat' dir='ltr'>futurus.</span> <span class='ocrx_word' id='word_1_99' title='bbox 1021 872 1111 918; x_wconf 85' lang='lat' dir='ltr'>Quo</span> <span class='ocrx_word' id='word_1_100' title='bbox 1131 870 1193 908; x_wconf 88' lang='lat' dir='ltr'>die</span> <span class='ocrx_word' id='word_1_101' title='bbox 1220 883 1289 919; x_wconf 81' lang='lat' dir='ltr'>ego</span> <span class='ocrx_word' id='word_1_102' title='bbox 1308 871 1357 907; x_wconf 88' lang='lat' dir='ltr'>ad</span> <span class='ocrx_word' id='word_1_103' title='bbox 1378 877 1414 907; x_wconf 85' lang='lat' dir='ltr'>te</span> 
     </span>
     <span class='ocr_line' id='line_1_16' title="bbox 127 934 1413 984; baseline -0.002 -12"><span class='ocrx_word' id='word_1_104' title='bbox 127 936 220 972; x_wconf 82' lang='lat' dir='ltr'>haec</span> <span class='ocrx_word' id='word_1_105' title='bbox 254 934 348 981; x_wconf 86' lang='lat' dir='ltr'>misi,</span> <span class='ocrx_word' id='word_1_106' title='bbox 384 936 433 972; x_wconf 94' lang='lat' dir='ltr'>de</span> <span class='ocrx_word' id='word_1_107' title='bbox 465 934 559 972; x_wconf 88' lang='lat' dir='ltr'>Pilia</span> <span class='ocrx_word' id='word_1_108' title='bbox 591 942 627 972; x_wconf 86' lang='lat' dir='ltr'>et</span> <span class='ocrx_word' id='word_1_109' title='bbox 659 934 786 972; x_wconf 83' lang='lat' dir='ltr'>Attica</span> <span class='ocrx_word' id='word_1_110' title='bbox 820 934 913 971; x_wconf 89' lang='lat' dir='ltr'>mihi</span> <span class='ocrx_word' id='word_1_111' title='bbox 950 947 1105 984; x_wconf 82' lang='lat' dir='ltr'>quoque</span> <span class='ocrx_word' id='word_1_112' title='bbox 1143 934 1277 971; x_wconf 87' lang='lat' dir='ltr'>eadem</span> <span class='ocrx_word' id='word_1_113' title='bbox 1316 946 1413 982; x_wconf 86' lang='lat' dir='ltr'>quae</span> 
     </span>
     <span class='ocr_line' id='line_1_17' title="bbox 126 998 889 1036; baseline -0.001 0"><span class='ocrx_word' id='word_1_114' title='bbox 126 998 257 1036; x_wconf 84' lang='lat' dir='ltr'>scribis</span> <span class='ocrx_word' id='word_1_115' title='bbox 286 1006 323 1036; x_wconf 87' lang='lat' dir='ltr'>et</span> <span class='ocrx_word' id='word_1_116' title='bbox 351 998 566 1036; x_wconf 88' lang='lat' dir='ltr'>scribuntur</span> <span class='ocrx_word' id='word_1_117' title='bbox 595 1006 631 1036; x_wconf 89' lang='lat' dir='ltr'>et</span> <span class='ocrx_word' id='word_1_118' title='bbox 657 998 889 1036; x_wconf 82' lang='lat' dir='ltr'>nuntiantur.</span> 
     </span>
    </p>
   </div>
   <div class='ocr_carea' id='block_1_6' title="bbox 168 1142 1098 1261">
    <p class='ocr_par' dir='ltr' id='par_1_8' title="bbox 168 1142 1098 1261">
     <span class='ocr_line' id='line_1_18' title="bbox 168 1142 1098 1184; baseline 0 -9"><span class='ocrx_word' id='word_1_119' title='bbox 168 1142 269 1176; x_wconf 81' lang='lat' dir='ltr'>XLI</span> <span class='ocrx_word' id='word_1_120' title='bbox 450 1144 514 1175; x_wconf 72' lang='lat' dir='ltr'>Ser.</span> <span class='ocrx_word' id='word_1_121' title='bbox 536 1144 681 1175; x_wconf 73' lang='lat' dir='ltr'>Asturae</span> <span class='ocrx_word' id='word_1_122' title='bbox 696 1155 715 1174; x_wconf 78' lang='lat' dir='ltr'><em>v</em></span> <span class='ocrx_word' id='word_1_123' title='bbox 729 1143 777 1175; x_wconf 82' lang='lat' dir='ltr'>Id.</span> <span class='ocrx_word' id='word_1_124' title='bbox 797 1144 876 1174; x_wconf 73' lang='lat' dir='ltr'>Mai.</span> <span class='ocrx_word' id='word_1_125' title='bbox 893 1154 921 1175; x_wconf 86' lang='lat' dir='ltr'>a.</span> <span class='ocrx_word' id='word_1_126' title='bbox 944 1154 1001 1184; x_wconf 71' lang='lat'>7⁶9</span> <span class='ocrx_word' id='word_1_127' title='bbox 1019 1144 1098 1184; x_wconf 73' lang='lat'><em>(45).</em></span> 
     </span>
     <span class='ocr_line' id='line_1_19' title="bbox 517 1230 1022 1261; baseline 0 0"><span class='ocrx_word' id='word_1_128' title='bbox 517 1230 684 1261; x_wconf 81' lang='lat' dir='ltr'><em>CICERO</em></span> <span class='ocrx_word' id='word_1_129' title='bbox 714 1230 890 1260; x_wconf 84' lang='lat' dir='ltr'><em>ATTICO</em></span> <span class='ocrx_word' id='word_1_130' title='bbox 920 1230 1022 1261; x_wconf 76' lang='lat' dir='ltr'>SAL.</span> 
     </span>
    </p>
   </div>
   <div class='ocr_carea' id='block_1_7' title="bbox 126 1316 1456 2191">
    <p class='ocr_par' dir='ltr' id='par_1_9' title="bbox 126 1316 1447 1684">
     <span class='ocr_line' id='line_1_20' title="bbox 180 1316 1447 1366; baseline 0.001 -12"><span class='ocrx_word' id='word_1_131' title='bbox 180 1317 284 1354; x_wconf 88' lang='lat' dir='ltr'>Nihil</span> <span class='ocrx_word' id='word_1_132' title='bbox 319 1324 396 1354; x_wconf 91' lang='lat' dir='ltr'>erat</span> <span class='ocrx_word' id='word_1_133' title='bbox 426 1317 531 1366; x_wconf 88' lang='lat' dir='ltr'>quod</span> <span class='ocrx_word' id='word_1_134' title='bbox 565 1316 779 1354; x_wconf 80' lang='lat' dir='ltr'>scriberem.</span> <span class='ocrx_word' id='word_1_135' title='bbox 837 1316 939 1353; x_wconf 86' lang='lat' dir='ltr'>Scire</span> <span class='ocrx_word' id='word_1_136' title='bbox 977 1324 1103 1354; x_wconf 88' lang='lat' dir='ltr'>tamen</span> <span class='ocrx_word' id='word_1_137' title='bbox 1134 1317 1307 1354; x_wconf 88' lang='lat' dir='ltr'>volebam</span> <span class='ocrx_word' id='word_1_138' title='bbox 1347 1316 1412 1354; x_wconf 89' lang='lat' dir='ltr'>ubi</span> <span class='ocrx_word' id='word_1_139' title='bbox 1432 1330 1447 1356; x_wconf 96' lang='lat'>1</span> 
     </span>
     <span class='ocr_line' id='line_1_21' title="bbox 126 1380 1410 1428; baseline -0.001 -10"><span class='ocrx_word' id='word_1_140' title='bbox 126 1394 252 1427; x_wconf 85' lang='lat' dir='ltr'>esses;</span> <span class='ocrx_word' id='word_1_141' title='bbox 291 1381 321 1418; x_wconf 90' lang='lat' dir='ltr'>si</span> <span class='ocrx_word' id='word_1_142' title='bbox 357 1381 448 1418; x_wconf 83' lang='lat' dir='ltr'>abes</span> <span class='ocrx_word' id='word_1_143' title='bbox 485 1387 551 1417; x_wconf 86' lang='lat' dir='ltr'>aut</span> <span class='ocrx_word' id='word_1_144' title='bbox 587 1381 756 1417; x_wconf 86' lang='lat' dir='ltr'>afuturus</span> <span class='ocrx_word' id='word_1_145' title='bbox 795 1393 844 1425; x_wconf 79' lang='lat' dir='ltr'>eS‚</span> <span class='ocrx_word' id='word_1_146' title='bbox 881 1381 1037 1428; x_wconf 86' lang='lat' dir='ltr'>quando</span> <span class='ocrx_word' id='word_1_147' title='bbox 1075 1380 1262 1418; x_wconf 88' lang='lat' dir='ltr'>rediturus</span> <span class='ocrx_word' id='word_1_148' title='bbox 1299 1393 1410 1418; x_wconf 83' lang='lat' dir='ltr'>esses.</span> 
     </span>
     <span class='ocr_line' id='line_1_22' title="bbox 130 1443 1414 1492; baseline 0 -12"><span class='ocrx_word' id='word_1_149' title='bbox 130 1443 259 1481; x_wconf 89' lang='lat' dir='ltr'>Facies</span> <span class='ocrx_word' id='word_1_150' title='bbox 297 1443 407 1492; x_wconf 85' lang='lat' dir='ltr'>igitur</span> <span class='ocrx_word' id='word_1_151' title='bbox 444 1443 652 1481; x_wconf 88' lang='lat' dir='ltr'>certiorem.</span> <span class='ocrx_word' id='word_1_152' title='bbox 713 1444 761 1479; x_wconf 90' lang='lat' dir='ltr'>Et</span> <span class='ocrx_word' id='word_1_153' title='bbox 799 1444 903 1491; x_wconf 88' lang='lat' dir='ltr'>quod</span> <span class='ocrx_word' id='word_1_154' title='bbox 943 1450 982 1480; x_wconf 90' lang='lat' dir='ltr'>tu</span> <span class='ocrx_word' id='word_1_155' title='bbox 1021 1443 1114 1481; x_wconf 88' lang='lat' dir='ltr'>scire</span> <span class='ocrx_word' id='word_1_156' title='bbox 1152 1444 1306 1481; x_wconf 88' lang='lat' dir='ltr'>volebas</span> <span class='ocrx_word' id='word_1_157' title='bbox 1344 1456 1414 1492; x_wconf 82' lang='lat' dir='ltr'>ego</span> 
     </span>
     <span class='ocr_line' id='line_1_23' title="bbox 128 1506 1412 1556; baseline -0.001 -11"><span class='ocrx_word' id='word_1_158' title='bbox 128 1508 283 1556; x_wconf 88' lang='lat' dir='ltr'>quando</span> <span class='ocrx_word' id='word_1_159' title='bbox 303 1521 348 1545; x_wconf 88' lang='lat' dir='ltr'>ex</span> <span class='ocrx_word' id='word_1_160' title='bbox 364 1509 438 1545; x_wconf 90' lang='lat' dir='ltr'>hoc</span> <span class='ocrx_word' id='word_1_161' title='bbox 458 1509 553 1552; x_wconf 87' lang='lat' dir='ltr'>loco,</span> <span class='ocrx_word' id='word_1_162' title='bbox 573 1506 755 1556; x_wconf 84' lang='lat' dir='ltr'>postridie</span> <span class='ocrx_word' id='word_1_163' title='bbox 773 1508 865 1544; x_wconf 88' lang='lat' dir='ltr'>Idus</span> <span class='ocrx_word' id='word_1_164' title='bbox 883 1507 1029 1544; x_wconf 90' lang='lat' dir='ltr'>Lanuvi</span> <span class='ocrx_word' id='word_1_165' title='bbox 1050 1507 1229 1545; x_wconf 86' lang='lat' dir='ltr'>constitui</span> <span class='ocrx_word' id='word_1_166' title='bbox 1250 1520 1412 1552; x_wconf 87' lang='lat' dir='ltr'>manere,</span> 
     </span>
     <span class='ocr_line' id='line_1_24' title="bbox 127 1570 1415 1620; baseline 0 -12"><span class='ocrx_word' id='word_1_167' title='bbox 127 1570 218 1609; x_wconf 91' lang='lat' dir='ltr'>inde</span> <span class='ocrx_word' id='word_1_168' title='bbox 250 1571 432 1620; x_wconf 88' lang='lat' dir='ltr'>postridie</span> <span class='ocrx_word' id='word_1_169' title='bbox 461 1571 500 1608; x_wconf 90' lang='lat' dir='ltr'>in</span> <span class='ocrx_word' id='word_1_170' title='bbox 533 1572 755 1608; x_wconf 87' lang='lat' dir='ltr'>Tusculano</span> <span class='ocrx_word' id='word_1_171' title='bbox 787 1578 852 1608; x_wconf 89' lang='lat' dir='ltr'>aut</span> <span class='ocrx_word' id='word_1_172' title='bbox 883 1573 1041 1608; x_wconf 89' lang='lat' dir='ltr'>Romae.</span> <span class='ocrx_word' id='word_1_173' title='bbox 1099 1573 1235 1608; x_wconf 89' lang='lat' dir='ltr'>Vtrum</span> <span class='ocrx_word' id='word_1_174' title='bbox 1265 1571 1335 1609; x_wconf 87' lang='lat' dir='ltr'>sim</span> <span class='ocrx_word' id='word_1_175' title='bbox 1366 1572 1415 1608; x_wconf 82' lang='lat' dir='ltr'>fa-</span> 
     </span>
     <span class='ocr_line' id='line_1_25' title="bbox 128 1635 632 1684; baseline 0.002 -12"><span class='ocrx_word' id='word_1_176' title='bbox 128 1642 254 1673; x_wconf 88' lang='lat' dir='ltr'>cturus</span> <span class='ocrx_word' id='word_1_177' title='bbox 275 1649 321 1673; x_wconf 90' lang='lat' dir='ltr'>eo</span> <span class='ocrx_word' id='word_1_178' title='bbox 341 1635 424 1684; x_wconf 91' lang='lat' dir='ltr'>ipso</span> <span class='ocrx_word' id='word_1_179' title='bbox 444 1635 506 1673; x_wconf 92' lang='lat' dir='ltr'>die</span> <span class='ocrx_word' id='word_1_180' title='bbox 526 1635 632 1673; x_wconf 88' lang='lat' dir='ltr'>scies.</span> 
     </span>
    </p>

    <p class='ocr_par' dir='ltr' id='par_1_10' title="bbox 129 1698 1456 2191">
     <span class='ocr_line' id='line_1_26' title="bbox 179 1698 1456 1748; baseline 0 -12"><span class='ocrx_word' id='word_1_181' title='bbox 179 1698 259 1736; x_wconf 88' lang='lat' dir='ltr'>Scis</span> <span class='ocrx_word' id='word_1_182' title='bbox 289 1712 403 1747; x_wconf 88' lang='lat' dir='ltr'>quam</span> <span class='ocrx_word' id='word_1_183' title='bbox 432 1699 479 1736; x_wconf 87' lang='lat' dir='ltr'>sit</span> <span class='ocrx_word' id='word_1_184' title='bbox 508 1701 690 1747; x_wconf 78' lang='grc' dir='ltr'>φιλαίτιον</span> <span class='ocrx_word' id='word_1_185' title='bbox 717 1701 902 1748; x_wconf 82' lang='grc' dir='ltr'>συμφορά,</span> <span class='ocrx_word' id='word_1_186' title='bbox 928 1699 1083 1737; x_wconf 87' lang='lat' dir='ltr'>minime</span> <span class='ocrx_word' id='word_1_187' title='bbox 1113 1698 1150 1736; x_wconf 87' lang='lat' dir='ltr'>in</span> <span class='ocrx_word' id='word_1_188' title='bbox 1181 1706 1216 1737; x_wconf 88' lang='lat' dir='ltr'>te</span> <span class='ocrx_word' id='word_1_189' title='bbox 1245 1699 1411 1748; x_wconf 86' lang='lat' dir='ltr'>quidem,</span> <span class='ocrx_word' id='word_1_190' title='bbox 1432 1713 1456 1740; x_wconf 86' lang='lat'><strong>2</strong></span> 
     </span>
     <span class='ocr_line' id='line_1_27' title="bbox 129 1761 1415 1821; baseline 0.002 -23"><span class='ocrx_word' id='word_1_191' title='bbox 129 1763 196 1799; x_wconf 89' lang='lat' dir='ltr'>sed</span> <span class='ocrx_word' id='word_1_192' title='bbox 216 1769 344 1799; x_wconf 89' lang='lat' dir='ltr'>tamen</span> <span class='ocrx_word' id='word_1_193' title='bbox 363 1761 474 1800; x_wconf 88' lang='lat' dir='ltr'>avide</span> <span class='ocrx_word' id='word_1_194' title='bbox 494 1776 578 1800; x_wconf 89' lang='lat' dir='ltr'>sum</span> <span class='ocrx_word' id='word_1_195' title='bbox 605 1764 778 1801; x_wconf 89' lang='lat' dir='ltr'>adfectus</span> <span class='ocrx_word' id='word_1_196' title='bbox 803 1764 851 1800; x_wconf 93' lang='lat' dir='ltr'>de</span> <span class='ocrx_word' id='word_1_197' title='bbox 880 1763 1108 1821; x_wconf 48' lang='lat' dir='ltr'>fanobquod</span> <span class='ocrx_word' id='word_1_198' title='bbox 1129 1762 1200 1799; x_wconf 90' lang='lat' dir='ltr'>nisi</span> <span class='ocrx_word' id='word_1_199' title='bbox 1229 1775 1306 1800; x_wconf 89' lang='lat' dir='ltr'>non</span> <span class='ocrx_word' id='word_1_200' title='bbox 1327 1762 1415 1800; x_wconf 90' lang='lat' dir='ltr'>dico</span> 
     </span>
     <span class='ocr_line' id='line_1_28' title="bbox 129 1825 1416 1876; baseline 0 -14"><span class='ocrx_word' id='word_1_201' title='bbox 129 1826 306 1862; x_wconf 87' lang='lat' dir='ltr'>effectum</span> <span class='ocrx_word' id='word_1_202' title='bbox 336 1825 404 1863; x_wconf 85' lang='lat' dir='ltr'>erit</span> <span class='ocrx_word' id='word_1_203' title='bbox 433 1827 500 1863; x_wconf 84' lang='lat' dir='ltr'>sed</span> <span class='ocrx_word' id='word_1_204' title='bbox 527 1826 605 1864; x_wconf 83' lang='lat' dir='ltr'>fieri</span> <span class='ocrx_word' id='word_1_205' title='bbox 632 1826 763 1864; x_wconf 87' lang='lat' dir='ltr'>videro</span> <span class='ocrx_word' id='word_1_206' title='bbox 791 1826 959 1876; x_wconf 87' lang='lat' dir='ltr'>(audebo</span> <span class='ocrx_word' id='word_1_207' title='bbox 986 1826 1060 1863; x_wconf 88' lang='lat' dir='ltr'>hoc</span> <span class='ocrx_word' id='word_1_208' title='bbox 1086 1825 1212 1863; x_wconf 89' lang='lat' dir='ltr'>dicere</span> <span class='ocrx_word' id='word_1_209' title='bbox 1241 1833 1278 1863; x_wconf 90' lang='lat' dir='ltr'>et</span> <span class='ocrx_word' id='word_1_210' title='bbox 1306 1833 1345 1862; x_wconf 89' lang='lat' dir='ltr'>tu</span> <span class='ocrx_word' id='word_1_211' title='bbox 1375 1833 1416 1862; x_wconf 87' lang='lat' dir='ltr'>ut</span> 
     </span>
     <span class='ocr_line' id='line_1_29' title="bbox 130 1888 1415 1938; baseline 0 -13"><span class='ocrx_word' id='word_1_212' title='bbox 130 1890 228 1926; x_wconf 89' lang='lat' dir='ltr'>soles</span> <span class='ocrx_word' id='word_1_213' title='bbox 260 1888 452 1938; x_wconf 85' lang='lat' dir='ltr'>accipies),</span> <span class='ocrx_word' id='word_1_214' title='bbox 489 1889 696 1927; x_wconf 85' lang='lat' dir='ltr'>incursabit</span> <span class='ocrx_word' id='word_1_215' title='bbox 725 1889 763 1926; x_wconf 89' lang='lat' dir='ltr'>in</span> <span class='ocrx_word' id='word_1_216' title='bbox 793 1897 829 1927; x_wconf 92' lang='lat' dir='ltr'>te</span> <span class='ocrx_word' id='word_1_217' title='bbox 858 1890 968 1926; x_wconf 91' lang='lat' dir='ltr'>dolor</span> <span class='ocrx_word' id='word_1_218' title='bbox 998 1902 1105 1926; x_wconf 89' lang='lat' dir='ltr'>meus</span> <span class='ocrx_word' id='word_1_219' title='bbox 1139 1902 1215 1926; x_wconf 92' lang='lat' dir='ltr'>non</span> <span class='ocrx_word' id='word_1_220' title='bbox 1247 1888 1326 1926; x_wconf 90' lang='lat' dir='ltr'>iure</span> <span class='ocrx_word' id='word_1_221' title='bbox 1354 1888 1415 1926; x_wconf 90' lang='lat' dir='ltr'>ille</span> 
     </span>
     <span class='ocr_line' id='line_1_30' title="bbox 129 1951 1416 2001; baseline -0.001 -12"><span class='ocrx_word' id='word_1_222' title='bbox 129 1951 285 2000; x_wconf 89' lang='lat' dir='ltr'>quidem</span> <span class='ocrx_word' id='word_1_223' title='bbox 315 1954 382 1991; x_wconf 89' lang='lat' dir='ltr'>sed</span> <span class='ocrx_word' id='word_1_224' title='bbox 403 1959 531 1990; x_wconf 87' lang='lat' dir='ltr'>tamen</span> <span class='ocrx_word' id='word_1_225' title='bbox 560 1954 655 1990; x_wconf 88' lang='lat' dir='ltr'>feres</span> <span class='ocrx_word' id='word_1_226' title='bbox 681 1953 756 1990; x_wconf 90' lang='lat' dir='ltr'>hoc</span> <span class='ocrx_word' id='word_1_227' title='bbox 785 1952 909 2001; x_wconf 84' lang='lat' dir='ltr'>ipsum</span> <span class='ocrx_word' id='word_1_228' title='bbox 937 1953 1042 2001; x_wconf 85' lang='lat' dir='ltr'>quod</span> <span class='ocrx_word' id='word_1_229' title='bbox 1069 1951 1194 1990; x_wconf 87' lang='lat' dir='ltr'>scribo</span> <span class='ocrx_word' id='word_1_230' title='bbox 1220 1958 1261 1989; x_wconf 89' lang='lat' dir='ltr'>ut</span> <span class='ocrx_word' id='word_1_231' title='bbox 1287 1952 1416 1989; x_wconf 83' lang='lat' dir='ltr'>onmia</span> 
     </span>
     <span class='ocr_line' id='line_1_31' title="bbox 129 2015 1415 2054; baseline 0 -2"><span class='ocrx_word' id='word_1_232' title='bbox 129 2028 214 2052; x_wconf 90' lang='lat' dir='ltr'>mea</span> <span class='ocrx_word' id='word_1_233' title='bbox 233 2016 305 2053; x_wconf 86' lang='lat' dir='ltr'>fers</span> <span class='ocrx_word' id='word_1_234' title='bbox 331 2029 376 2053; x_wconf 88' lang='lat' dir='ltr'>ac</span> <span class='ocrx_word' id='word_1_235' title='bbox 403 2015 530 2054; x_wconf 87' lang='lat' dir='ltr'>tulisti.</span> <span class='ocrx_word' id='word_1_236' title='bbox 589 2016 726 2054; x_wconf 85' lang='lat' dir='ltr'>Omnis</span> <span class='ocrx_word' id='word_1_237' title='bbox 753 2023 836 2053; x_wconf 87' lang='lat' dir='ltr'>tuas</span> <span class='ocrx_word' id='word_1_238' title='bbox 866 2015 1149 2053; x_wconf 87' lang='lat' dir='ltr'>consolationes</span> <span class='ocrx_word' id='word_1_239' title='bbox 1173 2028 1289 2053; x_wconf 90' lang='lat' dir='ltr'>unam</span> <span class='ocrx_word' id='word_1_240' title='bbox 1316 2016 1415 2053; x_wconf 89' lang='lat' dir='ltr'>hanc</span> 
     </span>
     <span class='ocr_line' id='line_1_32' title="bbox 129 2077 1456 2127; baseline -0.001 -12"><span class='ocrx_word' id='word_1_241' title='bbox 129 2077 167 2115; x_wconf 90' lang='lat' dir='ltr'>in</span> <span class='ocrx_word' id='word_1_242' title='bbox 198 2091 276 2115; x_wconf 88' lang='lat' dir='ltr'>rem</span> <span class='ocrx_word' id='word_1_243' title='bbox 307 2078 419 2115; x_wconf 89' lang='lat' dir='ltr'>velim</span> <span class='ocrx_word' id='word_1_244' title='bbox 451 2080 633 2116; x_wconf 90' lang='lat' dir='ltr'>conferas.</span> <span class='ocrx_word' id='word_1_245' title='bbox 691 2078 730 2116; x_wconf 90' lang='lat' dir='ltr'>Si</span> <span class='ocrx_word' id='word_1_246' title='bbox 768 2078 916 2127; x_wconf 84' lang='lat' dir='ltr'>quaeris</span> <span class='ocrx_word' id='word_1_247' title='bbox 950 2078 1042 2126; x_wconf 89' lang='lat' dir='ltr'>quid</span> <span class='ocrx_word' id='word_1_248' title='bbox 1076 2085 1217 2127; x_wconf 89' lang='lat' dir='ltr'>optem,</span> <span class='ocrx_word' id='word_1_249' title='bbox 1250 2077 1413 2127; x_wconf 89' lang='lat' dir='ltr'>primum</span> <span class='ocrx_word' id='word_1_250' title='bbox 1432 2084 1456 2121; x_wconf 87' lang='lat'>3</span> 
     </span>
     <span class='ocr_line' id='line_1_33' title="bbox 129 2142 1415 2191; baseline 0.001 -13"><span class='ocrx_word' id='word_1_251' title='bbox 129 2143 323 2191; x_wconf 84' lang='lat' dir='ltr'>Scapulae,</span> <span class='ocrx_word' id='word_1_252' title='bbox 340 2142 480 2180; x_wconf 87' lang='lat' dir='ltr'>deinde</span> <span class='ocrx_word' id='word_1_253' title='bbox 497 2142 667 2188; x_wconf 87' lang='lat' dir='ltr'>Clodiae,</span> <span class='ocrx_word' id='word_1_254' title='bbox 690 2149 831 2191; x_wconf 86' lang='lat' dir='ltr'>postea,</span> <span class='ocrx_word' id='word_1_255' title='bbox 851 2142 880 2179; x_wconf 86' lang='lat' dir='ltr'>si</span> <span class='ocrx_word' id='word_1_256' title='bbox 902 2142 1013 2179; x_wconf 86' lang='lat' dir='ltr'>Silius</span> <span class='ocrx_word' id='word_1_257' title='bbox 1034 2143 1148 2188; x_wconf 91' lang='lat' dir='ltr'>nolet,</span> <span class='ocrx_word' id='word_1_258' title='bbox 1168 2144 1315 2180; x_wconf 89' lang='lat' dir='ltr'>Drusus</span> <span class='ocrx_word' id='word_1_259' title='bbox 1330 2149 1415 2191; x_wconf 84' lang='lat' dir='ltr'>aget</span> 
     </span>
    </p>
   </div>
   <div class='ocr_carea' id='block_1_8' title="bbox 130 2243 1418 2368">
    <p class='ocr_par' dir='ltr' id='par_1_11' title="bbox 130 2243 1418 2368">
     <span class='ocr_line' id='line_1_34' title="bbox 173 2243 1415 2284; baseline 0.002 -12"><span class='ocrx_word' id='word_1_260' title='bbox 173 2252 189 2280; x_wconf 95' lang='lat'><strong>7</strong></span> <span class='ocrx_word' id='word_1_261' title='bbox 214 2248 265 2273; x_wconf 84' lang='lat' dir='ltr'>est</span> <span class='ocrx_word' id='word_1_262' title='bbox 281 2243 313 2273; x_wconf 89' lang='lat' dir='ltr'>in</span> <span class='ocrx_word' id='word_1_263' title='bbox 328 2244 382 2284; x_wconf 89' lang='lat' dir='ltr'>eo]</span> <span class='ocrx_word' id='word_1_264' title='bbox 399 2245 536 2274; x_wconf 85' lang='lat' dir='ltr'>aestimo</span> <span class='ocrx_word' id='word_1_265' title='bbox 554 2244 634 2273; x_wconf 80' lang='lat' dir='ltr'>Reid</span> <span class='ocrx_word' id='word_1_266' title='bbox 647 2255 654 2274; x_wconf 74' lang='lat' dir='ltr'><em>z</em></span> <span class='ocrx_word' id='word_1_267' title='bbox 679 2244 858 2274; x_wconf 84' lang='lat' dir='ltr'>extimesco</span> <span class='ocrx_word' id='word_1_268' title='bbox 875 2243 1031 2282; x_wconf 70' lang='lat' dir='ltr'>Madwg:</span> <span class='ocrx_word' id='word_1_269' title='bbox 1053 2248 1102 2274; x_wconf 84' lang='lat' dir='ltr'>est</span> <span class='ocrx_word' id='word_1_270' title='bbox 1119 2243 1279 2274; x_wconf 86' lang='lat' dir='ltr'>solvendo</span> <span class='ocrx_word' id='word_1_271' title='bbox 1295 2243 1415 2275; x_wconf 81' lang='lat' dir='ltr'>Slmck-</span> 
     </span>
     <span class='ocr_line' id='line_1_35' title="bbox 130 2285 1418 2326; baseline 0.002 -12"><span class='ocrx_word' id='word_1_272' title='bbox 130 2285 232 2324; x_wconf 75' lang='lat' dir='ltr'>burgh</span> <span class='ocrx_word' id='word_1_273' title='bbox 342 2296 379 2316; x_wconf 91' lang='lat'>10</span> <span class='ocrx_word' id='word_1_274' title='bbox 401 2286 455 2326; x_wconf 87' lang='lat' dir='ltr'>ac]</span> <span class='ocrx_word' id='word_1_275' title='bbox 474 2286 596 2324; x_wconf 82' lang='lat' dir='ltr'>aliquid</span> <span class='ocrx_word' id='word_1_276' title='bbox 613 2285 738 2324; x_wconf 76' lang='lat' dir='ltr'>Miiller,</span> <span class='ocrx_word' id='word_1_277' title='bbox 757 2286 792 2324; x_wconf 87' lang='lat' dir='ltr'>cf.</span> <span class='ocrx_word' id='word_1_278' title='bbox 812 2285 895 2315; x_wconf 77' lang='lat' dir='ltr'><em>Reid</em></span> <span class='ocrx_word' id='word_1_279' title='bbox 907 2285 953 2315; x_wconf 79' lang='lat' dir='ltr'>ad</span> <span class='ocrx_word' id='word_1_280' title='bbox 965 2285 1066 2316; x_wconf 82' lang='lat' dir='ltr'>Acad.</span> <span class='ocrx_word' id='word_1_281' title='bbox 1084 2286 1114 2317; x_wconf 89' lang='lat' dir='ltr'>ii.</span> <span class='ocrx_word' id='word_1_282' title='bbox 1134 2295 1175 2324; x_wconf 80' lang='lat'>34</span> <span class='ocrx_word' id='word_1_283' title='bbox 1285 2288 1322 2317; x_wconf 90' lang='lat'>18</span> <span class='ocrx_word' id='word_1_284' title='bbox 1346 2291 1418 2318; x_wconf 65' lang='lat' dir='ltr'>mile</span> 
     </span>
     <span class='ocr_line' id='line_1_36' title="bbox 131 2327 988 2368; baseline 0.001 -12"><span class='ocrx_word' id='word_1_285' title='bbox 131 2327 304 2357; x_wconf 86' lang='lat' dir='ltr'>certiorem</span> <span class='ocrx_word' id='word_1_286' title='bbox 321 2327 393 2358; x_wconf 79' lang='lat' dir='ltr'>add.</span> <span class='ocrx_word' id='word_1_287' title='bbox 413 2338 465 2358; x_wconf 88' lang='lat' dir='ltr'>me</span> <span class='ocrx_word' id='word_1_288' title='bbox 480 2329 580 2368; x_wconf 64' lang='lat' dir='ltr'>vulg„</span> <span class='ocrx_word' id='word_1_289' title='bbox 596 2332 670 2367; x_wconf 84' lang='lat' dir='ltr'>post</span> <span class='ocrx_word' id='word_1_290' title='bbox 685 2329 858 2358; x_wconf 83' lang='lat' dir='ltr'>certiorem</span> <span class='ocrx_word' id='word_1_291' title='bbox 875 2328 988 2358; x_wconf 81' lang='lat' dir='ltr'>Baiter</span> 
     </span>
    </p>
   </div>
  </div>
 </body>
</html>
