1590 2730
542 134 653 170 EPP.
683 134 758 169 AD
793 134 1043 171 ATTICVM
1274 133 1367 169 XII.
1389 131 1494 167 xxix

144 239 280 279 consili
309 239 366 278 sit.
425 238 525 278 Mihi
555 251 776 288 persuasum
807 246 864 276 est
891 246 929 277 et
959 252 1006 276 eo
1036 238 1155 287 magis
1188 240 1292 287 quod
1325 238 1428 276 idem

145 303 312 341 intellexi
341 302 410 341 tibi
442 301 560 339 videri
594 315 655 338 me
691 301 740 338 ab
774 301 903 350 Oppio
941 308 978 338 et
1012 302 1133 338 Balbo
1166 303 1275 338 valde
1313 300 1426 349 diligi.

146 367 246 404 Cum
266 365 324 403 his
344 364 605 403 communices
629 371 773 412 quanto
802 377 915 412 opere
936 371 973 401 et
993 377 1067 413 qua
1087 377 1124 400 re
1144 363 1256 401 velim
1277 365 1406 400 hortos
1420 378 1430 410 3

145 430 214 467 sed
227 429 266 467 id
279 428 330 466 ita
345 441 467 478 posse,
486 427 517 465 si
532 426 753 475 expediatur
766 426 861 464 illud
875 427 1127 464 Faberianum
1144 441 1152 473 3
1182 426 1304 463 sintne
1322 426 1431 474 igitur

109 506 126 537 5
145 500 318 530 auctores
338 491 462 529 futuri.
522 490 559 529 Si
581 504 656 539 qua
675 490 789 527 etiarn
811 490 954 527 iactura
969 490 1144 527 facienda
1164 490 1211 526 sit
1231 490 1268 526 in
1290 503 1432 538 reprae-

146 556 346 602 sentando,
360 555 488 604 quoad
501 561 661 604 possunt
674 553 857 591 adducito
872 568 881 599 3
902 561 1024 591 totum
1039 553 1140 590 enim
1155 553 1247 604 illud
1261 554 1432 600 despera-

145 626 236 656 tum.
279 618 457 666 Denique
474 618 669 666 intelleges
686 616 825 665 ecquid
842 616 1026 654 inclinent
1041 618 1090 653 ad
1106 617 1179 652 hoc
1196 629 1323 652 meum
1344 629 1431 653 con-

144 681 269 719 silium
289 681 559 719 adiuvandum.
607 680 644 718 Si
665 680 757 728 quid
775 680 855 723 erit,
872 693 1051 728 magnum
1068 686 1124 716 est
1144 678 1405 716 adiumentum
1422 692 1431 723 ;

146 745 176 782 si
205 744 341 790 minus,
373 757 615 793 quacumque
645 743 790 781 ratione
820 744 1109 780 contendamus.
1167 743 1239 778 Vel
1269 749 1308 778 tu
1338 742 1431 778 illud

90 827 127 849 ιο
148 809 377 858 ’ἐγγήραμαβ
398 821 512 856 quem
533 808 582 844 ad
603 808 762 844 modum
791 805 981 854 scripsisti,
1004 807 1062 843 vel
1092 807 1259 852 ἐντάφιον
1286 812 1428 853 putato.

146 873 206 908 De
226 870 290 908 illo
311 870 479 909 Ostiensi
500 869 593 906 nihil
614 877 669 906 est
690 869 948 918 cogitandum.
1006 868 1043 906 Si
1067 869 1141 905 hoc
1162 881 1238 906 non
1259 868 1432 916 adsequi-

145 947 229 971 mur
249 933 287 984 (a
308 933 440 971 Lamia
460 947 538 971 non
559 940 652 982 puto
668 932 808 982 posse),
827 931 1051 980 Damasippi
1072 931 1344 980 experiendum
1365 938 1431 969 est.

184 1075 311 1111 XXX
467 1076 533 1108 Ser.
554 1077 695 1107 Aslnrae
709 1077 742 1106 vi
755 1077 797 1107 K.
814 1077 894 1116 Apr.
912 1088 941 1107 a.
962 1087 1018 1117 709
1038 1077 1114 1117 (θ’).

535 1163 702 1193 CICERO
731 1162 907 1193 ATTICO
937 1162 1040 1193 SAL.

90 1268 125 1299 15
199 1252 353 1298 Quaero
382 1250 486 1298 quod
509 1250 558 1286 ad
585 1256 620 1286 te
647 1248 820 1294 scribam,
847 1250 913 1286 sed
944 1249 1036 1285 nihil
1066 1256 1143 1286 est:
1182 1251 1316 1287 eadem
1344 1249 1433 1287 coti·
1452 1263 1468 1289 1

146 1314 218 1352 die.
277 1315 393 1361 Quod
420 1314 626 1349 Lentulum
657 1312 785 1349 invisis
814 1314 923 1350 valde
951 1320 1109 1361 gratum.
1168 1315 1309 1351 Pueros
1337 1313 1436 1350 attri-

149 1379 223 1416 bue
243 1379 276 1417 ei
297 1388 390 1429 quot
416 1388 453 1418 et
477 1394 573 1429 quos
594 1379 792 1417 videbitur.
852 1381 912 1416 De
939 1378 1004 1415 Sili
1028 1380 1222 1416 voluntate
1242 1378 1434 1416 vendendi

147 1449 185 1480 et
213 1444 261 1480 de
290 1456 345 1489 eo,
369 1444 511 1492 quanti,
535 1451 574 1481 tu
598 1442 715 1480 vereri
736 1441 872 1479 videris
897 1441 1060 1490 primum
1090 1455 1138 1478 ne
1166 1441 1270 1487 nolit,
1294 1442 1433 1479 deinde

148 1519 196 1543 ne
225 1506 328 1543 tanti.
386 1507 495 1544 Sicca
522 1507 651 1552 aliter3
685 1507 752 1543 sed
782 1504 850 1542 tibi
879 1505 1081 1541 adsentior.
1141 1507 1228 1552 Qua
1258 1518 1306 1552 re,
1332 1513 1373 1542 ut
1399 1504 1432 1542 ei

90 1589 128 1610 20
146 1569 300 1618 placuit,
321 1570 450 1619 scripsi
480 1571 528 1607 ad
559 1568 774 1618 Egnatium.
833 1569 950 1615 Quod
971 1567 1082 1605 Silius
1111 1575 1147 1606 te
1177 1581 1263 1605 cum
1294 1568 1433 1606 Clodio

145 1632 251 1682 loqui
284 1635 374 1678 vult,
403 1640 511 1682 potes
545 1633 583 1670 id
614 1646 699 1670 mea
728 1633 923 1669 voluntate
960 1632 1082 1668 facere
1115 1631 1433 1679 commodiusque

145 1703 201 1732 est
222 1709 336 1744 quarn
364 1697 468 1744 quod
488 1695 550 1733 ille
576 1709 598 1732 a
626 1709 687 1732 me
712 1694 817 1743 petit,
840 1707 900 1731 me
926 1693 1050 1742 ipsum
1080 1693 1242 1731 scribere
1270 1695 1319 1731 ad
1349 1695 1435 1732 Clo-

145 1758 263 1796 dium.
340 1761 400 1795 De
438 1758 637 1807 mancipiis
677 1757 920 1796 Castricianis
960 1757 1314 1794 commodissimum
1353 1770 1476 1796 esse2

146 1823 261 1859 credo
299 1821 502 1870 transigere
542 1821 759 1870 Egnatium,
795 1822 899 1870 quod
938 1820 1068 1858 scribis
1107 1828 1143 1858 te
1180 1820 1231 1857 ita
1268 1822 1435 1858 futurum

90 1899 126 1930 25
146 1892 288 1933 putare.
346 1886 446 1923 Cum
467 1875 577 1931 Ovia,
596 1898 752 1933 quaeso,
773 1884 859 1922 vide
879 1892 919 1921 ut
939 1883 1170 1922 conficiatur.
1228 1883 1433 1930 Quoniam,

146 1955 188 1985 ut
207 1947 349 1993 scribis,
372 1961 448 1986 nox
468 1955 556 1995 erat,
579 1948 616 1985 in
637 1948 823 1985 hodierna
842 1948 1003 1996 epistula
1022 1949 1129 1996 plura
1148 1954 1336 1996 exspecto.

189 2059 208 2087 3
224 2059 295 2078 cnm
309 2049 531 2079 communices
545 2050 591 2079 vel
600 2049 695 2079 velim
713 2049 760 2078 vel
773 2050 874 2078 sz'nn'le
886 2048 965 2088 qnid
977 2047 1161 2078 addendum
1178 2059 1241 2078 esse
1257 2051 1328 2078 recle
1339 2051 1435 2078 censet

148 2091 266 2120 Mz'iller
380 2102 399 2129 4
422 2092 531 2121 sintne
559 2087 651 2121 CZb:
682 2092 733 2121 sin
762 2091 818 2121 M:
856 2092 923 2121 sint
956 2091 985 2121 O
1106 2093 1125 2120 6
1157 2091 1285 2130 possint
1315 2089 1433 2120 adduci

147 2133 274 2163 Ernesti
297 2136 333 2163 nt
357 2134 395 2163 ab
420 2135 640 2164 communices
659 2132 819 2173 pendeant
945 2144 965 2172 9
988 2133 1038 2162 sin
1058 2133 1156 2163 Orelli
1285 2142 1321 2170 15
1345 2133 1432 2171 quod

152 2175 355 2214 llfcsenberg:
378 2177 456 2214 quid
484 2176 568 2207 codd.
701 2178 738 2206 18
762 2177 802 2206 de
823 2186 861 2206 eo
877 2175 933 2206 del.
954 2175 1081 2205 Ernesti
1205 2184 1245 2213 25
1268 2175 1345 2205 vide
1361 2186 1388 2205 v.
1408 2186 1431 2205 c.

147 2212 189 2246 Zl’
204 2229 210 2248 z
234 2218 364 2257 quidem
381 2218 423 2248 M
