1590 2730
101 530 118 561 5

82 851 117 872 10

79 1483 117 1504 20

519 155 627 192 EPP.
659 155 734 191 AD
764 155 1015 192 ATTICVM
1370 155 1437 192 IX.
1461 155 1522 190 vii

140 270 254 313 parte,
273 262 303 300 si
318 262 413 300 illim
432 261 662 300 beneficium
682 274 760 298 non
773 260 830 307 sit,
850 260 986 299 rectius
1007 268 1138 310 putem
1154 261 1304 310 quidvis
1320 261 1426 299 domi

139 326 294 376 perpeti.
352 327 428 364 Sed
455 325 507 363 ita
534 325 715 363 meruisse
744 325 850 362 illum
880 326 928 362 de
957 338 1019 362 me
1039 333 1132 374 puto
1153 334 1195 363 ut
1215 327 1427 376 ἀχαριστίας

140 390 282 428 crimen
311 390 438 428 subire
466 403 546 427 non
573 390 746 434 audeam,
778 401 1012 437 quamquam
1041 401 1063 425 a
1096 396 1132 426 te
1161 388 1241 426 eius
1270 402 1425 438 quoque

138 454 191 492 rei
211 454 309 492 iusta
327 453 500 492 defensio
520 461 575 491 est
596 453 789 502 explicata.

193 519 252 555 De
276 517 468 566 triumpho
494 517 563 554 tibi
583 516 775 554 adsentior
796 529 911 564 quem
932 516 1088 565 quidem
1109 524 1231 555 totum
1252 516 1361 555 facile
1387 525 1423 555 et
1441 522 1466 560 5

137 581 299 619 libenter
325 580 511 618 abiecero.
582 579 740 628 Egregie
767 580 889 628 probo
918 580 997 616 fore
1026 587 1077 625 ut,
1109 582 1201 617 dum
1231 593 1421 629 vagamur,

138 647 157 683 ὁ
181 646 295 684 πλόος
326 646 451 693 ὡραῖος
481 644 648 692 obrepat.
710 642 769 680 ‘Si
801 643 939 679 modo'
969 642 1094 691 inquis
1125 643 1236 680 ‘satis
1261 643 1322 681 ille
1356 643 1424 681 erit

138 709 292 746 firmus.'
348 709 415 745 Est
436 707 578 744 firmior
597 706 711 744 etiam
732 719 846 754 quam
868 706 1106 754 putabamus.
1166 708 1225 744 De
1246 706 1317 744 isto
1337 706 1424 744 licet

138 773 236 810 bene
267 784 402 821 speres.
473 769 658 807 Promitto
691 768 769 814 tibi,
804 768 834 805 si
865 768 1015 814 valebit,
1052 770 1215 818 tegulam
1250 769 1356 806 illum
1385 769 1424 806 in

138 835 248 873 Italia
277 835 421 871 nullam
459 832 687 871 relicturum.
759 834 888 869 ‘Tene
919 831 1029 881 igitur
1066 832 1219 870 socio?'
1281 834 1425 871 Contra

137 911 199 936 me
222 899 374 935 hercule
394 909 523 934 meum
544 895 729 933 iudicium
754 902 791 933 et
819 902 951 932 contra
977 895 1149 932 omnium
1178 895 1422 944 antiquorum

135 961 410 1005 auctoritatem,
443 973 513 997 ηερ
551 967 627 996 tam
662 966 702 995 ut
735 958 797 995 illa
829 958 1006 995 adiuvem
1038 971 1153 1006 quam
1184 966 1225 995 ut
1253 960 1347 996 haec
1375 972 1424 996 ne

136 1024 286 1061 videam
306 1023 420 1072 cupio
440 1022 646 1060 discedere.
692 1021 781 1058 Noli
800 1020 901 1058 enim
919 1028 1050 1070 putare
1067 1021 1271 1059 tolerabilis
1287 1023 1422 1059 horum

137 1087 301 1124 insanias
327 1099 398 1123 nec
426 1085 537 1122 unius
568 1083 673 1122 modi
701 1085 790 1121 fore.
850 1084 931 1121 Etsi
963 1084 1055 1133 quid
1087 1092 1124 1122 te
1152 1086 1287 1121 horum
1317 1084 1421 1134 fugit,

136 1151 292 1200 legibus,
325 1148 484 1194 iudiciis,
521 1155 654 1185 senatu
693 1147 843 1184 sublato
877 1147 1065 1194 libidines,
1100 1147 1289 1193 audaciam,
1325 1161 1424 1185 sum-

136 1222 233 1264 ptus,
269 1219 453 1261 egestates
483 1218 538 1248 tot
566 1210 897 1259 egentissimorum
932 1210 1132 1248 hominum
1159 1224 1230 1248 nee
1261 1211 1423 1259 privatas

136 1290 248 1328 posse
278 1289 336 1314 res
369 1288 440 1313 nec
471 1288 550 1312 rem
581 1273 774 1323 publicam
814 1274 1028 1311 sustinere?
1082 1275 1279 1312 Abeamus
1312 1274 1424 1323 igitur

135 1341 225 1378 inde
246 1339 414 1388 qualibet
434 1337 699 1387 navigationeg
727 1336 796 1374 etsi
821 1337 859 1374 id
881 1337 1037 1386 quidem
1066 1344 1106 1374 ut
1132 1337 1200 1374 tibi
1220 1336 1423 1383 videbitur,

135 1405 204 1442 sed
223 1411 323 1441 certe
343 1403 536 1439 abeamus.
594 1400 765 1438 Sciemus
787 1400 900 1448 enim,
923 1400 961 1438 id
982 1401 1087 1449 quod
1108 1407 1313 1450 exspectas,
1329 1400 1422 1448 quid

137 1465 315 1504 Brundisi
334 1472 462 1503 actum
483 1463 540 1501 sit.

189 1529 306 1567 Bonis
352 1529 438 1566 viris
478 1530 583 1578 quod
622 1528 676 1566 ais
716 1529 866 1578 probari
905 1542 1002 1577 quae
1048 1530 1174 1566 adhuc
1221 1527 1467 1567 fecerimus6

135 1593 297 1642 scirique
325 1593 374 1630 ab
400 1593 444 1630 iis
469 1606 533 1630 νιος
561 1606 640 1630 non
669 1593 859 1641 profectos
880 1593 990 1629 valde
1009 1593 1170 1641 gaudeo,
1193 1591 1222 1629 si
1243 1598 1299 1628 est
1319 1604 1422 1628 nunc

136 1660 232 1695 ullus
261 1657 453 1706 gaudendi
479 1659 595 1695 locus.
656 1660 715 1695 De
737 1659 902 1695 Lentulo
930 1657 1166 1705 investigabo
1193 1656 1420 1705 diligentius.

137 1723 183 1759 Id
204 1721 381 1758 mandavi
402 1721 618 1767 Philotimo,
641 1720 787 1758 homini
808 1720 892 1758 forti
913 1734 957 1758 ac
977 1720 1137 1757 nimium
1158 1720 1342 1769 optimati.

188 1771 409 1822 Extremum
443 1791 499 1822 est
530 1792 570 1821 ut
604 1783 671 1821 tibi
705 1791 969 1832 argumentum
1001 1785 1050 1821 ad
1080 1783 1324 1820 scribendum
1354 1783 1463 1828 for-7

135 1856 233 1885 tasse
262 1847 337 1885 iam
376 1847 483 1885 desit.
555 1849 638 1886 Nec
668 1848 770 1885 enim
804 1848 877 1885 alia
914 1849 962 1885 de
994 1861 1031 1884 re
1062 1860 1164 1884 nunc
1190 1848 1277 1883 ulla
1310 1846 1423 1884 scribi

134 1919 271 1960 potest,
293 1919 329 1948 et
357 1912 405 1948 de
434 1912 505 1948 hac
534 1911 626 1959 quid
656 1911 730 1948 iam
759 1911 921 1960 amplius
951 1910 1110 1947 inveniri
1139 1911 1292 1958 potest?
1346 1910 1422 1946 Sed

135 1975 317 2023 quoniam
338 1982 374 2012 et
390 1974 584 2023 ingenium
606 1974 823 2023 suppeditat
838 1974 942 2023 (dico
964 1987 1024 2010 me
1045 1974 1197 2010 hercule
1218 1980 1258 2009 ut
1282 1972 1422 2021 sentio)

134 2045 171 2075 et
190 2051 297 2075 amor
316 2050 393 2085 quo
414 2044 450 2074 et
470 2051 599 2075 meum
628 2036 823 2086 ingenium
851 2036 1037 2082 incitatur,
1060 2049 1182 2086 perge,
1206 2043 1246 2073 ut
1266 2035 1367 2082 facis,
1385 2042 1422 2073 et

79 2113 91 2124 ἢ
135 2100 256 2138 scribe
276 2107 462 2148 quantum
483 2107 602 2149 potes.

180 2211 192 2230 1
219 2201 297 2231 illim
320 2202 445 2232 Baiter:
475 2201 519 2231 illi
544 2201 597 2230 Ml
738 2213 757 2239 4
781 2202 945 2240 explicata
964 2200 1075 2230 codices
1098 2200 1298 2240 Malmpincze
1322 2199 1419 2240 vulg„

133 2244 170 2282 cf
191 2244 225 2274 ii.
242 2254 291 2273 22.
309 2253 337 2281 5,
355 2254 384 2274 v.
403 2254 431 2282 5.
451 2254 470 2273 2
488 2255 494 2274 ε
518 2244 674 2282 explicita
691 2242 732 2272 M
839 2246 859 2273 6
882 2253 1040 2281 vagamur
1056 2243 1242 2282 Malaspz'na
1259 2254 1265 2272 ε
1288 2253 1423 2282 agamus

133 2284 332 2316 Mschmz'dt
345 2286 409 2316 coll.
430 2290 443 2323 ξ
463 2296 481 2323 3
497 2286 516 2317 l.
534 2296 570 2314 12
670 2286 689 2315 8
714 2290 903 2324 putaramus
920 2287 990 2315 coni
1012 2285 1195 2324 Wesenberg
1290 2294 1326 2323 15
1351 2289 1423 2315 ante

135 2328 265 2358 iudiciis
280 2328 353 2358 add.
372 2329 530 2358 iudicibus
547 2328 642 2357 Klotz
814 2339 851 2366 19
870 2332 943 2368 post
958 2328 1045 2357 enim
1062 2327 1137 2358 add.
1158 2328 1219 2356 iam
1241 2326 1425 2366 Wesenberg

135 2380 175 2400 22
200 2380 259 2400 nos
275 2370 348 2401 add.
367 2371 483 2400 Rosius

178 2422 238 2443 mc.
257 2423 303 2443 AD
319 2420 390 2444 Aru
1298 2413 1336 2442 -20
