1590 2730
499 136 608 172 EPP.
640 136 714 172 AD
744 137 995 174 ATTICVM
1351 136 1420 172 XI.
1443 143 1472 169 x

110 244 343 283 necessarius
364 255 497 292 operas
522 241 561 279 in
585 249 695 290 portu
724 249 761 279 et
785 242 968 291 scriptura
994 243 1107 280 Asiae
1127 256 1195 291 pro
1216 242 1391 290 magistro

109 307 226 345 dedit.
285 308 323 343 Is
353 305 541 353 Quintum
570 304 689 340 filium
715 304 857 352 Ephesi
880 305 974 341 vidit
1001 317 1038 341 v1
1064 307 1157 342 Idus
1189 306 1389 342 Decembr.

109 382 275 418 eumque
295 368 464 406 studiose
484 373 635 415 propter
654 366 858 403 amicitiam
880 375 1046 403 nostram
1068 367 1237 404 invitavit
1254 381 1263 413 3
1292 381 1393 404 cum-

109 446 185 481 que
200 446 246 470 ex
265 445 311 469 eo
331 432 379 468 de
400 443 461 466 me
476 436 770 477 percontaretur,
790 442 878 465 eum
896 429 967 466 sibi
982 429 1032 466 ita
1048 429 1186 466 dixisse
1206 431 1392 476 narrabat,

73 505 90 537 5
109 508 149 533 se
169 494 263 532 mihi
282 507 364 531 esse
384 491 702 535 inimicissimum,
718 493 975 539 volumenque
997 491 1067 529 sibi
1084 492 1296 529 ostendisse
1316 506 1392 529 ora-

109 558 223 595 tionis
255 569 370 606 quam
408 556 511 604 apud
549 555 751 592 Caesarem
785 561 917 590 contra
950 567 1010 591 me
1047 562 1146 592 esset
1184 555 1389 592 habiturus.

110 622 235 657 Multa
270 633 292 656 a
329 632 369 656 se
405 618 507 655 dicta
544 624 675 654 contra
712 616 793 654 eius
829 617 1046 654 amentiam.
1105 619 1229 654 Multa
1261 625 1394 666 postea

109 682 228 720 Patris
249 681 361 719 simili
381 682 521 718 scelere
541 692 670 717 secum
688 679 876 726 Quintum
897 687 1042 727 patrem
1063 681 1256 726 locutum;
1286 680 1392 717 cuius
1423 710 1429 717 .

108 747 271 783 furorem
292 757 337 782 ex
356 743 399 780 iis
420 742 589 792 epistulis
615 754 708 790 quas
732 743 783 779 ad
810 749 847 779 te
871 742 958 778 misi
985 743 1197 790 perspicere
1224 743 1388 791 potuisti.

57 825 91 845 10
110 810 221 845 Haec
248 807 317 845 tibi
345 805 467 844 dolori
487 818 569 843 esse
589 812 693 842 certo
714 804 792 842 scio
810 819 818 850 3
847 818 908 842 me
935 805 1090 853 quidem
1111 806 1326 843 excruciant
1355 814 1392 844 et

109 884 155 909 eo
183 870 301 919 magis
330 870 435 918 quod
464 868 557 906 mihi
586 881 673 906 curn
698 868 769 905 illis
795 881 843 905 ne
867 868 1050 917 querendi
1079 869 1235 917 quidem
1264 872 1390 907 locum

108 936 274 971 futurum
295 941 398 982 puto.

161 998 220 1034 De
240 995 427 1033 Africanis
453 996 565 1033 rebus
590 997 703 1044 longe
726 995 798 1032 alia
824 994 935 1032 nobis
955 1007 998 1032 ac
1019 1002 1058 1031 tu
1079 995 1278 1044 scripseras
1298 1010 1390 1033 nun·
1408 1006 1431 1032 2

107 1059 256 1097 tiantur.
319 1059 425 1096 Nihil
463 1059 564 1096 enim
604 1058 746 1095 firmius
784 1071 867 1095 esse
904 1058 1049 1104 dicunt,
1083 1058 1175 1094 nihil
1213 1059 1387 1107 paratius.

52 1137 87 1169 15
107 1123 268 1161 Accedit
290 1122 478 1172 Hispania
497 1130 533 1159 et
552 1122 715 1159 alienata
736 1121 854 1167 Italia,
877 1121 1069 1169 legionum
1090 1135 1160 1158 nec
1180 1121 1235 1158 vis
1255 1123 1388 1159 eadem

106 1200 177 1224 nec
205 1188 390 1233 voluntas,
412 1186 579 1223 urbanae
607 1199 665 1222 res
696 1184 874 1234 perditae.
933 1184 1038 1232 Quid
1065 1192 1121 1222 est
1149 1184 1214 1222 ubi
1242 1185 1389 1234 acquie-

106 1263 220 1296 scam,
242 1250 313 1287 nisi
338 1263 453 1299 quam
480 1250 545 1287 diu
569 1257 652 1286 tuas
683 1248 823 1286 litteras
849 1250 962 1297 lego?
1017 1250 1126 1296 Quae
1155 1256 1280 1286 essent
1308 1262 1389 1297 pro-

105 1315 206 1351 fecto
221 1313 437 1359 crebriores,
454 1313 483 1350 si
500 1313 592 1362 quid
606 1313 764 1350 haberes
781 1325 858 1361 quo
871 1319 1021 1360 putares
1039 1324 1162 1349 meam
1176 1312 1387 1349 molestiam

107 1376 226 1413 minui
255 1390 377 1426 posse.
448 1378 524 1414 Sed
553 1384 682 1414 tamen
714 1384 749 1413 te
780 1388 871 1424 rogo
904 1383 945 1412 ut
976 1388 1023 1412 ne
1052 1374 1276 1412 intermittas
1304 1375 1388 1412 scri-

50 1454 87 1474 20
107 1439 195 1476 bere
227 1441 276 1477 ad
307 1452 368 1476 me
390 1440 576 1488 quicquid
605 1439 672 1477 erit
701 1452 844 1487 eosque
872 1438 937 1487 qui
967 1438 1059 1475 mihi
1084 1446 1160 1475 tam
1189 1438 1389 1475 crudeliter

105 1503 249 1540 inimici
270 1510 367 1548 sunt,
390 1502 420 1539 si
442 1503 568 1540 odisse
588 1516 666 1540 non
688 1510 807 1551 potes,
828 1515 983 1539 accuses
1004 1509 1142 1547 tamen,
1165 1514 1243 1538 non
1267 1509 1307 1538 ut
1326 1502 1388 1538 ali-

105 1565 198 1614 quid
218 1565 393 1614 proficias
415 1567 482 1603 sed
502 1573 542 1602 ut
563 1566 631 1602 tibi
652 1578 713 1602 me
733 1578 861 1602 carum
883 1577 964 1602 esse
985 1564 1158 1601 sentiant.
1208 1565 1319 1601 Plura
1337 1565 1385 1601 ad

104 1636 141 1666 te
170 1628 343 1675 scribam,
366 1628 396 1665 si
417 1628 510 1665 mihi
533 1630 582 1666 ad
608 1641 671 1666 eas
697 1628 836 1665 litteras
866 1641 959 1677 quas
983 1627 1153 1676 proxime
1171 1628 1220 1664 ad
1241 1634 1277 1664 te
1297 1627 1385 1665 dedi

103 1691 346 1740 rescripseris.
402 1693 507 1729 Vale.
565 1702 624 1728 ΧΠ
648 1693 696 1728 K.
720 1691 827 1729 Febr.

46 1865 84 1897 ²5
143 1857 208 1891 XI
386 1861 452 1891 Scr.
471 1860 628 1891 Brztndt'sz
643 1860 699 1890 viii
711 1860 758 1890 Id.
779 1859 875 1890 Mnrf.
895 1871 923 1890 a.
945 1869 1001 1898 707
1020 1859 1100 1899 (47).

507 1962 677 1993 CIcERo
701 1943 867 1992 Arrico
893 1962 986 1992 SAL.

153 2050 360 2087 Confectus
394 2049 470 2086 iam
503 2049 670 2086 cruciatu
705 2049 955 2085 maximorum
986 2049 1162 2085 dolorum
1196 2060 1243 2084 ne
1276 2047 1304 2083 si
1337 2047 1382 2084 sit
1402 2055 1418 2080 1

100 2112 255 2161 quidem
276 2114 381 2161 quod
401 2115 449 2150 ad
470 2120 506 2150 te
527 2113 687 2150 debeam
706 2112 868 2149 scribere
883 2110 991 2148 facile
1007 2110 1045 2147 id
1059 2109 1213 2158 exsequi
1226 2110 1379 2158 possim,

141 2225 159 2251 4
183 2218 434 2250 percontaretur
451 2212 561 2242 CWL
582 2214 740 2251 (maigffm
775 2216 965 2241 contaretur
990 2211 1083 2239 ΔΘΕ
1222 2220 1237 2247 7
1262 2219 1279 2238 a
1306 2209 1379 2239 M‘-’:

98 2265 161 2285 om.
182 2253 284 2283 M¹W
407 2256 425 2284 8
450 2255 555 2285 Patris
573 2255 666 2284 simili
687 2254 805 2284 Orelli:
830 2254 933 2292 patris
949 2254 1018 2282 eius
1035 2252 1131 2281 simili
1149 2250 1252 2282 MW:
1277 2251 1381 2282 Patris

98 2296 258 2326 consimili
277 2297 350 2327 Vict.
495 2307 529 2334 15
555 2297 647 2326 Italia
665 2294 794 2326 CWZl:
817 2296 880 2325 alia
897 2299 949 2325 ΣΔ
1089 2305 1126 2332 19
1149 2299 1183 2324 ut
1199 2304 1241 2324 ne
1262 2293 1322 2324 W:
1346 2299 1380 2325 ut

98 2337 264 2368 M'EOR:
290 2350 331 2368 ne
348 2338 418 2368 M²s
545 2340 585 2368 28
611 2339 728 2377 possim
746 2338 864 2367 Bassus
879 2349 885 2367 t
908 2347 1038 2376 possem
1055 2335 1139 2365 MW
