1720 2710
518 518 684 554 LIBER
723 518 962 564 QViNTvs
1006 518 1250 555 DECIMVS

651 625 749 670 AD
800 624 1125 670 ATTICVM

287 738 312 773 Ῑ
505 743 570 773 Scr.
591 743 622 772 1¹11
639 742 813 772 Puteolano
828 742 884 771 xvi
897 743 937 771 K.
958 741 1032 771 Iun.
1053 752 1081 772 a.
1104 751 1159 779 710
1177 742 1259 780 (44).

642 828 810 858 CICERO
840 828 1004 857 ATTICO
1036 827 1130 857 SAL.

211 924 228 951 1
299 915 335 952 O
362 916 502 952 factum
531 916 628 952 male
654 916 702 952 de
722 914 931 951 Alexione!
972 913 1201 951 Incredibile
1227 920 1282 950 est
1302 920 1444 961 quanta
1467 926 1530 950 me

246 977 419 1014 molestia
438 977 629 1022 adfecerit,
645 990 714 1014 nec
736 990 796 1014 me
815 978 967 1014 hercule
988 989 1032 1013 ex
1052 989 1095 1013 ea
1117 983 1220 1024 parte
1240 975 1402 1012 maxime
1422 976 1527 1024 quod

245 1040 414 1088 plerique
445 1053 606 1085 mecum,
636 1041 719 1077 ‘Ad
745 1053 859 1088 quem
887 1039 997 1088 igitur
1023 1047 1060 1076 te
1087 1039 1279 1076 medicum
1307 1039 1526 1076 conferes?'
1544 1053 1562 1085 5

245 1103 351 1151 Quid
372 1103 463 1140 mihi
487 1103 562 1140 iam
587 1103 766 1140 medico?
812 1105 888 1139 Aut
910 1103 939 1139 si
960 1115 1055 1151 opus
1083 1110 1148 1148 est,
1172 1109 1276 1139 tanta
1295 1102 1424 1151 inopia
1443 1103 1528 1139 est?

246 1169 430 1204 Amorem
463 1180 549 1215 erga
586 1180 657 1212 me,
691 1166 966 1203 humanitatem
1005 1165 1306 1213 suavitatemque
1339 1164 1525 1203 desidero.

246 1230 371 1267 Etiam
393 1230 497 1268 illud.
555 1230 659 1278 Quid
683 1237 739 1267 est
759 1231 864 1278 quod
888 1243 965 1266 non
987 1229 1333 1278 pertimescendum
1360 1228 1417 1274 sit,
1440 1241 1528 1265 cum

245 1293 441 1330 hominem
472 1300 756 1341 temperantem,
788 1306 980 1329 summum
1010 1291 1202 1329 medicum
1232 1299 1358 1328 tantus
1392 1290 1528 1339 impro-

243 1356 324 1394 viso
362 1357 516 1393 morbus
550 1355 803 1405 oppresserit?
849 1357 923 1393 Sed
960 1356 1009 1392 ad
1046 1356 1140 1392 haec
1174 1354 1302 1392 onmia
1332 1367 1407 1391 una
1439 1367 1528 1390 con·
1547 1370 1587 1393 10

245 1420 380 1457 solatio
409 1427 465 1457 est
497 1421 601 1468 quod
631 1433 675 1456 ea
705 1418 934 1456 condicione
964 1418 1042 1455 nati
1071 1431 1201 1455 sumus
1231 1425 1271 1454 ut
1299 1417 1393 1454 nihil
1422 1418 1527 1466 quod

245 1482 391 1520 homini
411 1482 583 1519 accidere
603 1482 722 1531 possit
742 1495 913 1519 recusare
933 1482 1152 1519 debeamus.

205 1556 230 1582 2
301 1548 360 1583 De
383 1545 554 1582 Antonio
583 1545 657 1582 iam
687 1552 799 1582 antea
826 1544 895 1581 tibi
924 1544 1055 1593 scripsi
1083 1558 1161 1581 non
1191 1557 1272 1581 esse
1301 1557 1388 1581 eum
1416 1557 1438 1580 a
1466 1556 1528 1580 me

246 1617 488 1646 conventum.
543 1608 658 1645 Venit
679 1608 780 1645 enim
803 1608 997 1645 Misenum
1017 1622 1103 1645 cum
1126 1620 1196 1656 ego
1216 1621 1338 1645 essem
1359 1607 1397 1644 in
1418 1609 1528 1644 Pom-

245 1671 392 1720 peiano.
456 1672 554 1708 Inde
583 1679 671 1708 ante
704 1672 893 1719 profectus
927 1678 983 1708 est
1014 1684 1128 1719 quam
1162 1684 1232 1719 ego
1262 1684 1349 1708 eum
1380 1669 1528 1707 venisse
1548 1686 1583 1717 15

245 1734 416 1783 cognovi.
474 1735 549 1772 Sed
576 1747 676 1779 casu,
699 1747 786 1771 cum
812 1735 975 1782 legerem
1002 1742 1084 1771 tuas
1108 1734 1258 1780 litteras,
1283 1733 1430 1770 Hirtius
1450 1740 1528 1770 erat

244 1799 346 1846 apud
380 1811 441 1834 me
471 1797 508 1834 in
541 1798 761 1834 Puteolano.
825 1797 870 1833 Ei
908 1797 979 1846 legi
1017 1804 1053 1834 et
1090 1796 1159 1846 egi.
1216 1796 1385 1833 Primum
1422 1797 1527 1844 quod

246 1861 419 1906 †attinet,
450 1860 543 1896 nihil
574 1860 665 1897 mihi
694 1860 942 1906 concedebat,
969 1859 1110 1897 deinde
1137 1860 1186 1896 ad
1216 1872 1405 1896 summam
1433 1858 1527 1895 arbi-

245 1931 342 1961 trum
358 1937 418 1961 me
442 1923 632 1960 statuebat
645 1936 722 1959 non
744 1924 861 1960 modo
878 1922 990 1960 huius
1010 1922 1062 1959 rei
1083 1923 1151 1959 sed
1172 1921 1287 1959 totius
1307 1915 1526 1959 consulatus

244 1987 311 2023 sui.
368 1988 466 2024 Cum
491 1985 662 2023 Antonio
694 1993 822 2023 autem
856 1985 908 2022 sic
937 1998 1092 2034 agemus
1121 1992 1161 2021 ut
1189 1984 1404 2033 perspiciat,
1429 1984 1458 2021 si
1488 1984 1525 2020 in
1546 2001 1585 2023 20

243 2064 289 2087 eo
322 2049 475 2097 negotio
508 2048 618 2086 nobis
657 2048 744 2085 satis
778 2048 920 2094 fecerit,
946 2055 1067 2085 toturn
1106 2061 1166 2085 me
1203 2049 1370 2085 futurum
1401 2060 1523 2084 suum.

244 2113 486 2150 Dolabellam
514 2125 624 2160 spero
653 2111 759 2148 domi
787 2125 881 2148 esse.

285 2215 304 2242 6
324 2217 395 2252 post
418 2213 544 2242 medico
569 2212 639 2242 add.
667 2222 749 2251 opus
773 2217 822 2242 est
849 2212 932 2248 Otto,
965 2211 1020 2241 sed
1041 2211 1077 2252 cf.
1110 2211 1191 2242 Verr.
1218 2221 1247 2241 v.
1275 2220 1326 2249 45,
1355 2209 1446 2241 Varr.
1469 2215 1520 2249 ap.

241 2255 384 2284 Nonium
408 2266 475 2285 100.
498 2266 516 2293 3
637 2266 657 2292 9
680 2265 840 2284 summum
859 2255 1021 2284 medicum
1037 2264 1100 2284 om.
1120 2253 1171 2282 ΛΡ
1292 2263 1328 2291 13
1351 2263 1369 2283 a
1385 2263 1448 2283 om.
1473 2251 1523 2282 M¹

245 2308 280 2335 17
305 2298 371 2337 egi]
391 2298 491 2335 relegi
508 2297 692 2336 Peerlkamp
780 2296 923 2326 Primum
946 2297 1032 2334 quod
1056 2296 1182 2333 attinet,
1209 2296 1289 2325 nihil
1305 2295 1352 2325 vel
1369 2295 1522 2334 Primum,

241 2341 329 2378 quod
345 2340 471 2378 attinet,
492 2339 572 2368 nihil
587 2338 654 2368 edd.
674 2339 774 2376 :s0rt.
793 2338 943 2376 Primum,
961 2338 1048 2377 quod
1064 2337 1181 2368 attinet
1198 2337 1288 2377 nihil,
1307 2337 1389 2367 nihil
