1590 2730
69 131 161 168 XII.
181 130 288 166 xxiii
551 132 606 167 M.
637 131 802 167 TVLLI
831 130 1130 168 CICERONIS

196 238 285 274 fido.
346 239 407 275 De
427 239 588 275 Gamala
606 236 768 277 dubium
787 250 867 274 non
886 236 980 275 mihi
999 243 1088 275 erat.
1144 237 1260 274 Vnde
1278 234 1381 274 enim
1406 241 1485 273 tam

198 301 285 338 felix
306 301 421 349 Ligus
443 303 575 350 pater?
631 303 732 338 Nam
758 300 851 349 quid
877 302 926 338 de
952 314 1014 338 me
1040 299 1178 346 dicam,
1200 299 1263 337 cui
1287 306 1330 337 ut
1357 298 1486 337 omnia

201 364 423 412 contingant
444 378 541 411 quae
561 366 657 409 volo,
680 364 793 401 levari
814 377 892 401 non
912 377 1069 413 possum
1084 365 1101 400 ?
1308 356 1312 360 ¹

255 429 314 464 De
337 427 450 463 Drusi
472 427 597 472 hortis,
621 427 753 476 quanti
774 427 925 464 licuisse
944 434 985 464 tu
1011 425 1154 471 scribis,
1176 425 1215 464 id
1242 439 1312 474 ego
1332 439 1486 475 quoque

200 490 394 528 audieram
424 498 471 536 et,
495 497 534 526 ut
564 489 708 538 opinor,
732 490 811 526 11611
840 491 889 527 ad
920 497 955 527 te
985 489 1231 538 scripseram3
1260 491 1327 526 sed
1354 488 1487 537 quanti
1506 503 1522 533 5

200 553 332 601 quanti
353 554 451 591 bene
472 553 608 590 emitur
628 554 732 601 quod
754 566 909 590 necesse
929 560 994 590 est.
1056 551 1164 597 Mihi,
1188 565 1345 601 quoquo
1369 553 1486 590 modo

199 623 239 653 tu
260 616 450 653 existimas
472 616 568 657 <scio
588 616 689 653 enim
712 629 782 664 ego
808 616 889 665 ipse
909 616 1002 664 quid
1023 616 1071 653 de
1092 629 1153 652 me
1177 614 1417 664 existimem),
1438 616 1487 652 16-

199 679 300 716 vatio
320 680 507 727 quaedam
530 687 596 725 est,
620 678 649 715 si
670 678 796 716 minus
815 678 957 716 doloris
977 685 1014 715 at
1035 677 1134 715 offici
1154 677 1284 716 debiti.

251 743 313 779 Ad
343 742 491 779 Siccam
519 741 659 790 scripsi,
683 743 788 790 quod
817 741 932 778 utitur
962 743 1003 778 L.
1028 742 1152 779 Cotta.
1210 740 1248 778 Si
1277 740 1370 777 nihil
1400 753 1487 778 con-

199 804 346 843 ficietur
374 807 422 843 de
448 805 753 849 Transtiberinis,
777 805 891 842 habet
919 804 958 841 in
986 803 1154 842 Ostiensi
1182 805 1296 842 Cotta
1324 804 1487 841 celeber·
1507 817 1545 839 10

200 868 296 905 rimo
316 870 401 906 loco
426 870 492 905 sed
514 868 692 916 pusillum
714 868 797 912 loci,
820 869 870 905 ad
894 869 993 904 hanc
1020 881 1098 904 rem
1119 874 1247 904 tamen
1267 868 1351 915 plus
1372 867 1486 904 etiam

201 944 315 979 quarn
338 930 436 967 satis.
497 932 543 967 Id
563 930 676 968 velim
697 930 850 978 cogites.
909 931 991 967 Nec
1016 937 1143 966 tamen
1168 929 1238 966 ista
1263 929 1383 978 pretia
1405 931 1487 967 hor-

200 1001 324 1031 torum
354 993 600 1042 pertimueris.
659 994 740 1030 Nec
762 992 853 1029 mihi
882 992 957 1029 iam
983 1000 1139 1040 argento
1166 1006 1236 1029 1166
1259 999 1362 1029 veste
1391 1006 1487 1041 opus

200 1064 256 1095 est
287 1070 357 1094 nec
389 1056 618 1105 quibusdam
649 1055 820 1093 amoenis
851 1055 969 1102 locis3
1008 1057 1081 1092 hoc
1112 1069 1207 1104 opus
1238 1063 1304 1092 est.
1361 1055 1486 1092 Video

199 1119 314 1158 etiam
344 1133 366 1156 a
389 1119 527 1168 quibus
556 1118 724 1156 adiuvari
754 1118 907 1167 possim.
966 1119 1041 1156 Sed
1071 1120 1225 1166 loquere
1254 1131 1341 1155 611111
1371 1117 1544 1164 Silio315

199 1183 294 1220 nihil
318 1183 421 1221 enim
447 1191 503 1221 est
530 1182 675 1220 melius.
735 1181 918 1220 Mandavi
943 1182 1056 1219 etiam
1078 1181 1219 1219 Siccae.
1278 1180 1486 1230 Rescripsit

200 1246 449 1284 constitutum
471 1260 510 1283 se
530 1259 617 1283 cum
643 1258 689 1283 eo
715 1246 865 1283 habere.
923 1244 1070 1282 Scribet
1096 1244 1207 1293 igitur
1231 1245 1281 1282 ad
1307 1257 1368 1282 me
1393 1243 1487 1293 quid

199 1310 324 1359 egerit,
347 1317 384 1347 et
404 1316 443 1346 tu
464 1309 621 1347 videbis.
1296 1304 1307 1312 ”

241 1451 390 1487 XXIV
507 1453 573 1485 Ser.
591 1454 731 1485 Asturae
745 1454 805 1484 xiii
818 1454 858 1485 K.
875 1454 953 1493 Apr.
974 1465 1004 1485 a.
1025 1465 1081 1496 709
1100 1456 1179 1496 (45).

593 1539 758 1570 CICERO
787 1540 964 1570 ATTICO
993 1540 1095 1571 SAL.
1507 1549 1547 1572 20

165 1640 182 1667 1
254 1630 358 1666 Bene
397 1626 485 1665 fecit
519 1628 563 1664 A.
596 1626 708 1663 Silius
747 1626 812 1675 qui
851 1627 1079 1675 transegerit.
1138 1628 1276 1676 Neque
1313 1626 1415 1665 enim
1453 1624 1488 1663 ei

199 1692 333 1729 deesse
361 1691 537 1728 volebam
567 1697 603 1727 et
633 1689 725 1738 quid
754 1702 906 1738 possem
937 1690 1129 1728 timebam.
1190 1693 1249 1728 De
1276 1690 1374 1728 Ovia
1401 1702 1489 1727 con-

201 1756 282 1800 fice,
316 1762 356 1791 ut
389 1753 530 1791 scribis.
602 1755 661 1790 De
693 1752 879 1790 Cicerone
913 1760 1063 1802 tempus
1097 1767 1178 1791 esse
1209 1753 1283 1790 iam
1317 1753 1488 1799 videtur3

202 1820 269 1856 sed
296 1830 447 1866 quaero,
471 1817 575 1864 quod
603 1815 654 1852 illi
681 1828 776 1863 opus
798 1815 875 1861 erit,
899 1816 1061 1853 Athenis
1088 1816 1342 1865 permutarine
1369 1815 1488 1864 possit

203 1895 252 1919 an
282 1881 353 1930 ipsi
387 1881 585 1917 ferendum
620 1879 676 1924 sit,
702 1880 750 1915 de
785 1886 939 1927 totaque
972 1892 1010 1916 re
1042 1893 1156 1927 quem
1185 1881 1234 1917 ad
1264 1880 1422 1916 modum
1452 1885 1489 1916 et
1510 1893 1546 1924 ²5

205 1946 360 1993 quando
380 1945 528 1992 placeat
548 1942 660 1979 veliin
688 1941 915 1980 consideres.
974 1942 1159 1979 Publilius
1186 1942 1353 1980 iturusne
1378 1941 1424 1978 sit
1450 1940 1488 1978 in

207 2007 374 2045 Africam
400 2014 437 2044 et
457 2007 613 2054 quando
639 2018 684 2042 ex
704 2005 843 2042 Aledio
866 2004 960 2042 scire
985 2005 1136 2054 poteris.
1195 2007 1363 2053 Quaeras
1384 2012 1420 2042 et
1440 2005 1489 2041 ad

252 2118 263 2137 1
291 2106 423 2138 Gamala
442 2106 507 2136 Cv.
529 2116 549 2134 c.
570 2099 633 2134 2¹³:
658 2105 783 2142 magala
808 2109 857 2134 A:
882 2105 1021 2142 magalia
1045 2105 1111 2134 RP
1255 2116 1275 2144 9
1298 2105 1490 2135 conficietur

207 2150 308 2179 Pius:
332 2149 549 2179 conficeretur
564 2147 649 2177 codd.
752 2156 788 2176 12
810 2157 905 2184 quam
927 2142 1113 2177 CZbORP:
1137 2158 1200 2178 om.
1220 2152 1247 2177 Δ
1337 2157 1372 2185 13
1398 2147 1489 2178 ‘Nec

207 2193 286 2221 1111111
305 2197 369 2222 tam
387 2196 523 2228 argento
548 2200 607 2219 nec
632 2193 724 2218 veste
748 2199 830 2227 opus
855 2193 903 2218 est
927 2188 1054 2228 <neque
1078 2189 1214 2231 bubus)'
1232 2200 1325 2228 quam
1344 2189 1488 2220 amoenis

206 2233 297 2271 locis,
316 2235 322 2249 Α
336 2234 409 2263 Hoc
420 2243 503 2271 opus
520 2237 569 2262 est
583 2231 589 2243 '
606 2231 768 2270 Pluygers,
790 2231 845 2269 qui
858 2230 964 2261 Lzm'lz'
976 2242 1084 2262 versus
1099 2243 1130 2262 se
1145 2233 1258 2262 erm'sse
1267 2235 1365 2271 putat
1452 2241 1488 2270 17

207 2276 336 2306 Scribet
350 2275 444 2304 Rom.
462 2286 467 2304 :
492 2274 602 2304 scribit
618 2272 657 2301 M
741 2283 779 2309 24
804 2283 886 2311 opus
902 2274 960 2303 erit
977 2274 1128 2310 Athenis,
1148 2275 1371 2312 permutarine
1386 2273 1489 2312 vulg:

206 2328 235 2348 o.
255 2317 326 2354 erit,
344 2315 494 2346 Athenas
512 2326 540 2353 p.
560 2316 636 2345 coni.
653 2313 734 2344 Reid
859 2316 898 2344 26
924 2315 1081 2346 Publilius
1097 2316 1215 2346 Bosius
1230 2326 1237 2346 τ
1262 2316 1395 2346 Publius
1412 2314 1452 2344 M
