1690 2710
139 123 245 160 XVI.

224 239 248 266 2

224 806 247 842 3

224 1057 249 1093 4

232 2134 249 2160 1

267 123 314 158 iv
623 123 677 159 M.
708 122 871 159 TVLLI
902 122 1199 161 CICERONIS

266 228 403 268 missae
435 236 571 268 essent.
628 230 783 267 Sextum
816 235 944 267 autem
974 228 1152 267 nuntiant
1187 242 1276 267 cum
1312 242 1389 268 una
1424 231 1549 268 solum

264 292 414 342 legione
440 292 554 331 fuisse
582 292 816 341 Karthagine
844 292 956 341 eique
981 305 1028 330 eo
1057 292 1141 342 ipso
1167 292 1230 330 die
1257 305 1335 342 quo
1363 292 1549 342 oppidum

266 357 426 394 Baream
447 356 608 404 cepisset
636 355 852 393 nuntiatum
881 368 963 393 esse
991 356 1040 393 de
1069 356 1242 401 Caesare,
1267 362 1380 405 capto
1406 356 1550 405 oppido

265 419 399 457 miram
419 418 600 457 laetitiam
624 418 1043 468 commutationemque
1069 419 1283 456 animorum
1309 432 1551 457 coneursum-

265 495 341 532 que
369 482 563 531 undique3
591 483 660 519 sed
688 481 794 519 illum
822 482 871 519 ad
900 494 965 519 sex
992 481 1160 530 legiones
1189 494 1283 530 quas
1311 481 1350 518 in
1375 481 1551 520 ulteriore
1570 496 1586 528 5

264 545 477 595 reliquisset
505 544 710 583 revertisse.
767 546 831 582 Ad
862 544 986 594 ipsum
1018 552 1147 582 autern
1181 544 1371 582 Libonem
1403 544 1551 594 scripsit

267 609 361 646 nihil
380 622 462 647 esse
482 607 553 645 nisi
573 609 622 645 ad
642 609 758 645 larem
779 621 889 645 suum
910 607 1047 645 liceret.
1097 609 1255 645 Summa
1274 608 1550 656 postulatorum

265 678 307 710 ut
327 685 460 710 omnes
480 670 664 709 exercitus
690 670 928 708 dimittantur
947 670 1013 720 qui
1032 670 1175 719 ubique
1201 670 1284 707 sint.
1344 672 1454 709 Haec
1474 672 1550 708 fere

267 736 316 773 de
335 737 459 773 Sexto.

321 800 380 836 De
404 797 612 835 Buthrotiis
637 797 808 845 undique
842 810 1026 845 quaerens
1054 796 1147 833 nihil
1173 796 1417 845 reperiebam.
1475 797 1550 835 Alii
1571 811 1610 834 10

267 861 442 899 concisos
474 860 671 909 agripetas‚
702 860 765 897 alii
799 862 983 897 Plancum
1013 859 1179 908 acceptis
1210 859 1376 897 nummis
1413 860 1551 898 relictis

266 924 338 962 illis
361 924 560 973 aufugisse.
619 925 754 972 Itaque
780 936 858 960 non
878 923 990 960 video
1010 923 1191 960 sciturum
1212 936 1272 960 me
1292 922 1385 972 quid
1405 923 1485 961 eius
1505 923 1552 961 sit

267 987 306 1024 ni
326 988 452 1025 statim
471 987 616 1036 aliquid
635 986 852 1024 litterarum.

323 1052 400 1088 Iter
439 1050 533 1088 illud
580 1049 826 1087 Brundisium
873 1050 921 1087 de
967 1063 1045 1098 quo
1090 1050 1314 1089 dubitabam
1360 1051 1551 1089 sublatum

267 1113 424 1152 videtur.
483 1113 672 1162 Legiones
698 1112 800 1150 enim
820 1113 1025 1151 adventare
1048 1113 1234 1151 dicuntur.
1294 1115 1404 1152 Haec
1423 1122 1551 1152 autem
1573 1127 1609 1158 15

266 1177 456 1226 navigatio
476 1177 592 1214 habet
611 1177 797 1226 quasdam
824 1176 1061 1225 suspiciones
1085 1177 1251 1225 periculi.
1310 1179 1445 1227 Itaque
1465 1191 1553 1216 con-

265 1241 469 1278 stituebam
499 1240 553 1278 uti
580 1241 769 1289 ὁμοπλοίᾳ.
828 1240 1059 1278 Paratiorem
1087 1240 1190 1278 enim
1219 1237 1377 1279 offendi‘
1392 1244 1552 1280 Brutum

264 1317 380 1353 quam
417 1304 632 1341 audiebam.
691 1305 791 1341 Nam
829 1311 866 1341 et
903 1303 984 1352 ipse
1020 1308 1057 1341 et
1090 1303 1282 1342 Domitius
1305 1305 1408 1343 bona
1439 1307 1553 1354 plane

266 1367 382 1404 habet
420 1367 566 1405 dicrota
603 1373 767 1415 suntque
804 1365 952 1416 navigia
988 1374 1180 1416 praeterea
1216 1369 1409 1406 luculenta
1441 1368 1550 1415 Sesti,

266 1430 466 1478 Buciliani,
486 1437 708 1469 ceterorum.
759 1431 859 1467 Nam
881 1430 988 1468 Cassi
1014 1432 1173 1468 classem
1194 1444 1292 1480 quae
1312 1433 1423 1481 plane
1452 1433 1552 1470 bella
1571 1445 1609 1467 20

265 1501 322 1531 est
348 1507 425 1532 non
452 1507 612 1531 numero
632 1495 728 1530 ultra
748 1495 894 1530 fretum.
954 1495 1055 1531 Illud
1079 1502 1135 1532 est
1154 1495 1247 1532 mihi
1273 1496 1550 1534 submolestum

266 1559 371 1606 quod
400 1571 533 1606 parum
563 1559 701 1594 Brutus
727 1569 928 1606 properare
947 1557 1106 1595 videtur.
1164 1559 1333 1596 Primum
1362 1561 1552 1598 confecto-

266 1634 348 1657 rum
368 1622 545 1658 ludorum
566 1619 720 1657 nuntios
740 1627 956 1668 exspectat;
985 1621 1136 1667 deinde,
1154 1629 1340 1670 quantum
1360 1622 1549 1672 intellego,

265 1686 371 1722 tarde
395 1692 451 1722 est
476 1683 717 1733 navigaturus
743 1683 956 1721 consistens
976 1684 1015 1722 in
1044 1685 1137 1723 locis
1163 1686 1343 1734 pluribus.
1402 1688 1550 1724 Tamen

265 1747 424 1785 arbitror
449 1761 531 1786 esse
557 1747 799 1785 commodius
829 1750 935 1787 tarde
959 1750 1133 1799 navigare
1153 1763 1267 1799 quam
1294 1750 1452 1788 omnino
1472 1764 1550 1788 non
1572 1761 1609 1793 ²5

267 1811 441 1860 navigare
455 1826 464 1858 3
493 1819 530 1849 et
549 1811 593 1859 si,
608 1824 696 1849 cum
717 1813 1024 1861 processerimus,
1046 1814 1294 1863 exploratiora
1309 1814 1551 1862 videbuntur,

265 1874 392 1912 etesiis
411 1882 570 1913 utemur.

307 1978 347 2011 V
510 1981 576 2014 Ser.
596 1983 629 2013 in
645 1983 821 2014 Puteolano
837 1985 881 2014 vii
892 1984 941 2015 Id.
963 1984 1072 2023 Quint.
1092 1996 1121 2016 a.
1141 1996 1196 2025 710
1215 1986 1297 2026 (44).

661 2059 828 2089 CICERO
851 2059 1025 2091 ATTICO
1047 2059 1152 2093 SAL.

318 2128 421 2165 Tuas
450 2127 525 2165 iam
551 2128 692 2167 litteras
722 2132 859 2167 Brutus
886 2131 1139 2179 exspectabat.
1198 2130 1270 2169 Cui
1297 2130 1453 2179 quidem
1480 2141 1550 2179 ego
1571 2141 1608 2172 30

267 2187 378 2241 [non]
400 2204 541 2228 novum
562 2193 761 2229 attuleram
776 2194 824 2229 de
837 2195 961 2230 Tereo
975 2193 1079 2230 Acci.
1122 2194 1190 2230 Ille
1205 2195 1362 2230 Brutum
1379 2193 1548 2242 putabat.

312 2301 349 2328 14
373 2292 608 2322 Brundisinum
625 2292 705 2322 Pius
825 2303 858 2331 17
877 2293 962 2322 enim
977 2293 1072 2322 ORP
1081 2293 1164 2323 Crat.
1185 2305 1192 2323 ι
1217 2303 1279 2323 om.
1293 2294 1332 2323 M
1461 2295 1495 2323 18
1519 2298 1551 2323 et

269 2332 342 2362 add.
359 2332 531 2372 Hofmann
670 2343 706 2372 31
733 2344 798 2364 non
815 2334 869 2365 del.
892 2335 1053 2365 Corradus
