1590 2730
525 121 634 156 EPP.
665 121 740 156 AD
769 121 1022 158 ATTICVM
1313 123 1428 158 XIII.
1452 121 1544 158 xlvi

129 226 334 275 multisque
359 226 481 272 rebus,
503 225 597 263 nihil
621 240 644 263 a
669 226 790 263 nobis.
848 228 1076 273 Subaccusa,
1105 241 1262 276 quaeso,
1274 231 1414 267 ‘Vesto-

128 289 235 326 rium.
276 289 381 336 Quid
402 289 525 326 minus
545 290 787 338 probandum
803 303 917 338 quam
940 291 1105 328 Plotium
1122 292 1412 340 unguentarium

126 365 193 401 per
219 365 307 389 suos
336 365 472 401 pueros
501 352 629 390 omnia
655 360 762 389 tanto
789 361 877 390 ante
908 354 1040 400 Balbo,
1062 354 1169 391 illum
1196 355 1247 391 mi
1271 368 1319 391 ne
1347 367 1413 403 per

128 428 234 453 meos
254 415 438 464 quidem?
494 417 552 453 De
573 415 751 454 Cossinio
771 417 884 453 doleo
899 431 908 463 3
936 416 1050 454 dilexi
1069 417 1277 455 hominem.
1430 433 1456 469 4

91 493 108 522 5
180 478 327 526 Quinto
364 479 550 527 delegabo
580 479 610 516 si
644 478 737 527 quid
768 479 844 516 aeri
876 493 963 516 meo
994 480 1121 518 alieno
1154 480 1346 529 superabit
1376 488 1413 518 et

126 541 384 590 emptionibus
421 555 466 579 ex
499 541 637 590 quibus
670 541 721 578 mi
751 541 864 579 etiam
897 556 961 580 aes
994 543 1160 580 alienum
1194 543 1410 582 faciendum

126 612 229 654 puto.
288 607 348 642 De
368 606 485 643 domo
505 604 640 653 Arpini
660 604 713 641 nil
733 604 822 642 scio.

177 667 396 705 Vestorium
426 667 479 704 nil
512 675 568 705 est
601 669 706 716 quod
738 681 904 706 accuses.
964 669 1046 705 Iam
1078 669 1180 707 enim
1214 669 1453 718 obsignata5

125 730 197 767 hac
217 729 378 778 epistula
405 737 522 767 noctu
543 730 758 767 tabellarius
785 738 914 768 noster
933 731 1036 769 venit
1063 739 1099 769 et
1125 732 1175 769 ab
1201 745 1247 770 eo
1271 732 1411 770 litteras

71 806 107 828 10
125 792 324 841 diligenter
343 792 500 842 scriptas
519 793 643 830 attulit
664 800 699 830 et
720 795 935 842 exemplum
957 795 1184 832 testamenti.

166 933 334 967 XLVII
413 937 474 967 Ser
499 939 530 966 sn
552 937 731 967 Tusculano
747 937 794 967 Id.
814 937 899 967 Sext.
918 948 947 969 a.
968 949 1024 978 709
1039 938 1118 978 (45).

518 1022 682 1052 CICERO
704 1024 735 1051 Α
746 1023 880 1052 TTICO
903 1023 1007 1054 SAL.

179 1109 337 1145 ‘Postea
352 1120 466 1155 quam
486 1107 554 1144 abs
574 1115 623 1154 te,
636 1109 901 1155 Agamemno,⁷
915 1121 992 1145 non
1014 1112 1023 1128 ‘
1037 1116 1078 1146 ut
1093 1109 1281 1147 venirem'
1303 1111 1407 1159 (nam

122 1169 161 1207 id
181 1182 335 1218 quoque
361 1169 533 1206 fecissem
561 1169 632 1206 nisi
658 1172 876 1218 Torquatus
902 1171 1016 1220 esset)
1046 1173 1113 1210 sed
1139 1180 1179 1209 ut
1206 1173 1407 1210 scriberem

69 1243 102 1273 15
125 1232 266 1281 ‘tetigit
291 1233 389 1269 auris
414 1232 578 1278 nuntius,
600 1235 812 1282 extemplo'
833 1234 1004 1272 instituta
1023 1235 1158 1283 omisi3
1187 1250 1230 1274 ea
1251 1250 1348 1285 quae
1369 1237 1406 1274 in

122 1295 298 1333 manibus
318 1296 507 1332 habebam
526 1295 662 1341 abieci,
681 1297 785 1344 quod
812 1296 971 1334 iusseras
998 1299 1156 1336 edolavi.
1214 1301 1274 1336 Tu
1295 1300 1407 1337 velim

121 1372 142 1396 e
174 1359 315 1396 Pollice
347 1372 554 1407 cognoscas
586 1358 749 1396 rationes
783 1367 928 1397 nostras
960 1362 1222 1409 sumptuarias.
1279 1365 1408 1412 Turpe

122 1429 177 1458 est
210 1421 311 1459 enim
343 1422 453 1459 nobis
487 1422 603 1468 illum,
635 1421 924 1471 qualiscumque
953 1432 1019 1469 est,
1051 1426 1124 1462 hoc
1154 1425 1276 1474 primo
1304 1439 1407 1463 anno

122 1498 240 1533 egere.
298 1487 389 1522 Post
410 1485 693 1523 moderabimur
713 1485 940 1534 diligentius.
1000 1489 1109 1525 Idem
1136 1490 1265 1526 Pollex
1286 1489 1408 1527 remit-

65 1558 104 1578 20
122 1548 259 1584 tendus
279 1555 335 1584 est
355 1556 395 1585 ut
415 1548 476 1585 ille
502 1555 640 1585 cernat.
699 1550 816 1585 Plane
838 1551 1017 1587 Puteolos
1042 1563 1120 1587 non
1141 1550 1210 1588 fuit
1237 1553 1406 1590 eundum

121 1623 207 1647 cum
247 1611 297 1647 ob
330 1624 374 1648 ea
411 1624 508 1659 quae
541 1612 590 1648 ad
628 1618 664 1648 te
694 1610 823 1660 scripsi
857 1619 936 1648 tum
968 1614 1073 1660 quod
1112 1615 1252 1652 Caesar
1287 1616 1405 1652 adest.

122 1674 323 1711 Dolabella
352 1673 480 1712 scribit
508 1688 547 1712 se
581 1676 629 1712 ad
661 1688 721 1712 me
749 1675 931 1724 postridie
962 1677 1065 1714 Idus.
1124 1677 1159 1715 O
1188 1677 1407 1727 magistrum

121 1738 342 1775 molestum!

161 1840 329 1874 XLVII
345 1854 365 1873 a
423 1844 491 1875 Scr.
509 1845 651 1876 Asturae
666 1846 707 1876 iii.
726 1847 767 1877 Κ.
785 1846 871 1877 Sext.
888 1857 918 1878 a.
939 1857 996 1887 709
1015 1847 1093 1887 (45).

63 1924 100 1955 25
520 1920 687 1951 CICERO
710 1922 885 1952 ATTICO
908 1922 1013 1952 SAL.

173 1988 341 2038 Lepidus
369 1990 418 2027 ad
448 2003 508 2027 me
537 1991 616 2028 heri
643 1991 789 2040 vesperi
818 1992 958 2029 litteras
989 1992 1090 2030 misit
1119 1992 1247 2030 Antio.
1306 1995 1407 2032 Nam
1426 1997 1476 2037 (ε)

119 2051 171 2089 ibi
211 2059 300 2089 erat.
373 2053 503 2090 Habet
542 2053 644 2090 enim
688 2055 847 2091 domum
886 2068 1001 2104 quam
1043 2069 1113 2093 nos
1150 2056 1404 2095 vendidimus.

120 2116 246 2163 Rogat
274 2128 413 2163 magno
442 2129 555 2164 opere
585 2124 625 2153 ut
654 2116 723 2153 sim
756 2119 840 2154 Kal.
864 2117 901 2154 in
931 2126 1064 2156 senatu
1079 2133 1088 2165 3
1122 2133 1183 2157 me
1209 2127 1245 2157 et
1272 2120 1343 2157 sibi
1370 2128 1407 2158 et

163 2224 200 2252 15
224 2215 332 2252 tetigit
347 2215 436 2245 auris
455 2216 586 2246 nuntius
602 2218 769 2256 extemplo
789 2218 936 2248 instituta
950 2219 1043 2249 omisi
1058 2213 1121 2250 CZI
1135 2230 1164 2250 v.
1179 2230 1203 2250 c.
1223 2220 1249 2248 L
1273 2221 1406 2259 nmrg.)

118 2256 229 2286 codices
243 2256 342 2287 Bosi:
365 2258 398 2295 cſs
418 2257 561 2288 Nonium
580 2261 651 2297 263.
672 2269 690 2297 3
707 2264 735 2289 et
749 2259 877 2289 Ribbeck
893 2264 899 2276 ⁴
911 2261 943 2290 F
942 2272 1008 2299 rag.
1033 2260 1134 2301 Trag.’
1144 2267 1177 2302 p.
1194 2272 1254 2300 237
1272 2274 1277 2292 :
1302 2263 1407 2301 tetigit

119 2299 212 2329 omisi
231 2302 282 2328 ΣΔ
301 2300 414 2338 (celcris
428 2300 566 2340 onn'ssiss
583 2311 589 2330 :
614 2302 738 2340 pepigit
756 2302 884 2341 Oppius
900 2302 1044 2332 Schmidt
