1590 2730
46 112 137 147 XII.
158 111 247 146 xliv
519 112 572 148 M.
603 113 765 149 TVLLI
797 113 1093 151 CICERONIS

209 234 352 269 XLIV
480 238 545 270 Ser.
567 238 708 270 Asturae
722 240 757 269 1'1'1‘
768 240 815 270 Id.
836 239 914 271 Mai.
933 250 961 270 a.
981 250 1037 279 709
1057 239 1133 280 (45).

561 323 726 354 CICERO
755 324 930 354 ATTICO
957 323 1059 355 SAL.

136 423 152 449 1
224 412 272 447 Et
294 410 460 448 Hirtium
481 410 624 459 aliquid
644 412 692 448 ad
713 419 749 448 te
768 413 964 460 συμπαθῶς
982 413 1031 449 de
1052 424 1111 448 me
1132 410 1322 460 scripsisse
1342 410 1450 448 facile

170 473 290 521 patior
311 473 414 521 (fecit
435 473 536 511 enim
563 474 745 522 humane)
766 481 802 511 et
823 481 859 511 te
879 474 958 512 eius
985 473 1185 523 epistulam
1211 475 1260 511 ad
1287 486 1347 510 me
1373 486 1451 510 non

171 536 315 573 misisse
350 538 469 573 multo
502 536 672 581 facilius;
714 544 752 574 tu
784 537 885 574 enim
917 538 1030 575 etiam
1062 537 1275 574 humanius.
1346 536 1451 573 Illius
1472 548 1488 578 5

170 598 306 635 librum
340 612 454 647 quem
492 600 540 636 ad
575 613 634 636 me
669 599 768 636 misit
799 601 847 637 de
882 601 1029 638 Catone
1058 607 1256 648 propterea
1284 601 1371 636 volo
1400 598 1454 636 di-

169 661 310 710 vulgari
338 675 359 698 a
388 651 460 699 tuis
485 670 525 699 ut
560 676 605 699 ex
635 662 792 700 istorum
822 663 1098 713 vituperatione
1127 662 1173 699 sit
1206 662 1304 699 illius
1335 661 1454 699 maior

169 725 346 762 laudatio.

128 802 152 828 2
224 789 340 834 Quod
361 802 426 836 per
448 790 653 826 Mustelam
673 789 761 837 agiS‚
786 790 903 827 habes
924 789 1119 826 hominem
1140 789 1250 826 valde
1270 787 1453 825 idoneum

171 851 322 899 meique
359 864 449 889 sane
488 853 701 890 studiosum
741 853 815 889 iam
853 852 942 889 inde
979 867 1001 890 a
1040 852 1238 890 Pontiano.
1310 852 1453 888 Perfice
1478 866 1513 887 ιο

170 914 282 963 igitur
301 915 455 963 aliquid.
501 915 606 962 Quid
626 923 753 953 autem
776 916 879 953 aliud
899 916 970 952 nisi
991 924 1031 953 ut
1051 915 1176 953 aditus
1197 915 1243 952 sit
1263 914 1455 964 emptori?

171 980 276 1026 quod
296 991 362 1026 per
382 979 553 1027 quemvis
574 980 752 1016 heredem
777 986 901 1028 potest
922 979 1029 1016 effici.
1086 979 1161 1016 Sed
1190 980 1395 1016 Mustelam
1416 978 1454 1015 id

171 1043 436 1090 perfecturum,
453 1041 481 1079 si
503 1042 650 1090 rogaris,
667 1050 769 1090 puto.
816 1042 914 1079 Mihi
929 1055 1017 1079 vero
1033 1049 1070 1079 et
1085 1043 1212 1079 locum
1229 1054 1342 1090 quem
1364 1048 1455 1089 opto

171 1105 220 1141 ad
247 1104 285 1141 id
315 1106 419 1152 quod
446 1106 620 1141 volumus
645 1105 794 1142 dederis
818 1112 855 1141 et
883 1112 1076 1153 praeterea
1096 1106 1291 1155 ἐγγήραμα.
1354 1105 1455 1140 Nam

172 1166 236 1203 illa
255 1167 319 1204 Sili
340 1174 376 1204 et
396 1167 507 1203 Drusi
528 1181 605 1204 non
626 1167 714 1204 satis
730 1168 1002 1205 οἷκοδεσποτικὰ
1018 1167 1109 1204 mihi
1125 1167 1309 1204 videntur.
1351 1166 1455 1213 Quid
1478 1180 1512 1210 15

173 1229 304 1267 enim?
333 1231 463 1267 sedere
480 1237 579 1267 totos
600 1230 680 1267 dies
701 1230 739 1267 in
754 1230 869 1268 villa?
906 1232 985 1268 Ista
1005 1230 1115 1278 igitur
1135 1230 1274 1275 malim,
1292 1228 1455 1277 primum

173 1292 350 1338 Othonis,
373 1292 513 1330 deinde
534 1293 703 1331 Clodiae.
763 1294 799 1330 Si
821 1293 913 1330 nihil
935 1295 1008 1338 fiet,
1030 1300 1094 1330 aut
1117 1295 1242 1330 Druso
1268 1293 1380 1329 ludus
1401 1298 1456 1329 est

174 1356 430 1404 suggerendus
451 1363 514 1393 aut
534 1357 719 1393 utendum
740 1358 970 1394 Tusculano.

131 1431 154 1467 3
227 1419 344 1465 Quod
365 1418 469 1455 domi
491 1426 526 1455 te
547 1418 730 1455 inclusisti
751 1419 895 1456 ratione
921 1419 1064 1460 fecisti:
1094 1421 1170 1464 sed,
1194 1432 1347 1467 quaeso,
1370 1431 1456 1456 con-

174 1482 245 1518 fice
265 1489 301 1518 et
325 1489 361 1518 te
380 1495 542 1519 vacuum
572 1483 689 1519 redde
715 1482 836 1519 nobis.
896 1485 978 1530 Ego
1001 1482 1100 1527 hinc,
1123 1490 1163 1519 ut
1183 1481 1313 1530 scripsi
1332 1489 1454 1527 antea,
1478 1494 1515 1515 20

175 1544 356 1593 postridie
378 1545 469 1581 Idus
492 1545 648 1590 Lanuvi,
672 1545 812 1582 deinde
832 1545 1012 1594 postridie
1028 1546 1065 1582 in
1086 1547 1316 1583 Tusculano.
1358 1546 1456 1583 Con-

174 1607 255 1645 tudi
287 1607 389 1644 enim
421 1607 592 1644 animum
626 1615 663 1644 et
696 1609 852 1645 fortasse
880 1608 962 1653 vici,
995 1608 1024 1645 si
1055 1609 1171 1646 modo
1201 1621 1453 1657 permansero.

175 1672 278 1709 Scies
299 1671 409 1720 igitur
428 1673 584 1709 fortasse
604 1685 695 1718 cras,
718 1685 909 1709 summum
931 1672 1120 1720 perendie.

227 1736 302 1772 Sed
336 1734 428 1783 quid
462 1742 528 1779 est,
560 1736 731 1783 quaeso?
787 1735 1012 1771 Philotimus
1043 1749 1113 1772 nec
1146 1734 1317 1773 Carteiae
1347 1736 1456 1771 Pom-

176 1797 302 1846 peium
332 1797 448 1834 teneri
470 1798 561 1845 (qua
581 1799 629 1834 de
656 1811 693 1834 re
719 1797 922 1834 litterarum
947 1799 995 1834 ad
1023 1797 1202 1836 Clodium
1232 1796 1455 1834 Patavinum
1477 1811 1514 1842 ²5
1562 1844 1566 1845 ⁷

176 1860 373 1897 missarum
395 1862 609 1908 exemplum
632 1859 723 1897 mihi
745 1860 894 1909 Oppius
920 1868 957 1897 et
979 1862 1119 1898 Balbus
1147 1860 1334 1904 miserant,
1358 1873 1397 1897 se
1417 1858 1455 1896 id

176 1925 316 1960 factum
336 1923 521 1971 arbitrari)
543 1924 763 1972 bellumque
792 1931 914 1960 narrat
935 1923 1120 1971 reliquum
1148 1923 1236 1960 satis
1263 1935 1453 1970 magnum.

176 1988 279 2023 Solet
299 1986 457 2023 omnino
477 2000 559 2023 esse
581 1987 837 2024 Fulviniaster.
895 1988 970 2024 Sed
997 1994 1134 2031 tamen,
1157 1986 1186 2023 si
1207 1986 1299 2034 quid
1325 1986 1453 2022 habes.

176 2052 276 2087 Volo
296 2050 409 2087 etiam
431 2051 478 2087 de
499 2050 692 2098 naufragio
714 2050 927 2088 Caniniano
947 2050 1040 2087 scire
1060 2050 1152 2098 quid
1173 2050 1229 2086 sit.

223 2160 260 2188 19
283 2151 424 2189 ratione]
451 2155 539 2180 recte
561 2150 755 2189 lVesenbetg'
934 2159 970 2179 21
999 2150 1121 2179 Lanuvi
1150 2149 1332 2180 Corradus:
1378 2150 1455 2179 lami

178 2192 361 2231 (=Lanzn')
390 2193 446 2222 M:
486 2193 665 2222 Lanuvium
691 2193 785 2223 Rom.
925 2202 964 2229 24
989 2203 1048 2222 nec
1079 2193 1227 2222 Carteiae
1254 2192 1368 2222 Maru:
1396 2203 1456 2222 nec

177 2236 290 2263 cartiui
308 2235 364 2264 M:
390 2245 448 2264 nec
466 2235 590 2264 Cartini
608 2229 649 2263 Z‘
666 2247 671 2265 :
697 2240 796 2272 negat
812 2237 912 2264 artius
928 2235 1027 2264 Boot:
1052 2245 1110 2264 nec
1132 2235 1282 2264 Carteiae
1300 2234 1358 2273 Cn.
1379 2235 1455 2264 coni.

178 2276 291 2306 L‘rmb.
423 2279 462 2306 28
488 2277 707 2307 Fulviniaster
729 2280 796 2306 vell.
828 2276 963 2315 Tyrrrll:
1001 2277 1079 2306 fului
1105 2281 1224 2306 master
1254 2276 1314 2306 M:
1352 2276 1455 2305 fulmi-

180 2323 288 2347 naster
304 2318 469 2348 Sclmn'rll:
486 2319 656 2356 φιλοτίμων
674 2318 798 2357 μαστὴρ
813 2320 890 2349 cous.
908 2318 989 2348 Reid
