1590 2730
38 164 155 202 XIII.
179 162 253 198 xlii
533 160 588 195 M.
619 158 781 193 TVLLI
813 154 1110 193 CICERONIS

186 271 266 306 me’
296 267 418 316 inquit
450 267 521 303 ‘de
550 273 730 313 tempore,
754 262 935 311 quoniam
963 274 1039 298 rem
1070 260 1215 309 probo.'
1272 261 1344 295 ‘At
1373 258 1466 306 ego'

186 333 341 380 inquam
375 334 535 367 ‘censeo
569 328 670 376 prius
699 340 813 374 quam
845 323 1103 374 proficiscaris.
1162 324 1221 359 Ita
1254 321 1347 370 patri
1378 334 1468 369 quo—

145 409 168 435 2
188 409 261 444 que
291 406 434 430 morem
464 391 644 441 gesseris)
702 388 897 426 ‘Faciam'
927 387 1047 435 inquit
1085 390 1146 422 ‘ut
1180 386 1335 422 censes.'
1392 383 1469 420 Hic

188 458 360 506 dialogus
381 456 433 493 sic
454 456 655 492 conclusus
676 460 741 489 cst.

148 528 171 563 3
243 521 318 557 Sed
338 521 431 556 heus
461 525 512 563 tu,
535 516 637 554 diem
659 527 785 552 meum
815 513 887 550 scis
916 526 998 550 esse
1025 524 1068 549 111
1091 513 1224 549 Nonas
1253 509 1471 555 Ianuarias;
1492 525 1508 556 5

188 583 311 621 aderis
340 582 460 631 igitur.
518 579 747 628 Scripseram
778 578 875 614 iam:
910 589 998 613 ecce
1027 574 1095 612 tibi
1124 581 1204 611 orat
1234 573 1402 621 Lepidus
1431 579 1471 609 ut

189 645 349 683 veniam.
407 643 554 693 Opinor
582 654 741 690 augures
769 641 864 677 velle
897 639 1037 676 habere
1070 639 1119 675 ad
1147 637 1332 685 templum
1361 636 1473 672 effan-

189 710 294 747 dum.
352 710 469 745 Eatur
483 722 493 754 3
520 707 569 756 μὴ
589 706 752 754 σκόρδου.
810 702 1039 740 Videbimus
1059 708 1095 738 te
1116 700 1235 749 igitur.

232 811 381 846 XLIII
426 813 492 845 Ser.
511 814 543 842 1'1z
566 812 744 842 Tusculano
754 809 838 850 prid.
854 807 901 837 Id.
920 807 1027 845 Quint.
1047 817 1076 836 a.
1099 816 1155 845 709
1173 805 1251 845 (45).

591 885 756 917 CICERO
778 882 953 913 ATTICO
974 880 1074 911 SAL.
1497 891 1535 912 10

246 961 328 1008 Ego
366 971 454 995 vero
492 964 573 994 utar
610 955 875 1005 prorogatione
918 952 1004 998 diei,
1045 959 1162 998 tuque
1203 948 1476 986 humanissime

192 1022 313 1060 fecisti
344 1020 409 1069 qui
442 1033 503 1057 me
536 1019 733 1057 certiorem
764 1016 896 1055 feceris
928 1023 1043 1063 atque
1076 1013 1127 1050 ita
1160 1019 1200 1048 ut
1231 1024 1276 1048 eo
1307 1019 1477 1060 tempore

193 1085 404 1133 acciperem
434 1083 574 1120 litteras
604 1095 681 1130 quo
701 1094 779 1118 non
805 1086 1062 1128 exspectarem
1093 1083 1210 1123 tuque
1238 1081 1279 1111 ut
1304 1074 1353 1110 ab
1379 1073 1477 1110 ludis

194 1148 388 1186 scriberes,
446 1148 542 1183 Sunt
562 1144 720 1182 omnino
748 1143 840 1180 mihi
861 1142 1049 1191 quaedam
1070 1139 1218 1187 agenda
1240 1138 1387 1174 Romae
1411 1136 1477 1172 sed

194 1220 474 1256 consequemur
494 1206 612 1243 biduo
632 1212 727 1254 post.
1502 1217 1538 1248 ¹5

237 1349 379 1384 XLIV
422 1351 489 1383 Ser.
510 1353 542 1381 in
564 1351 743 1381 Tusculano
757 1351 819 1381 xiii
833 1353 890 1379 aut
904 1350 952 1380 xii
966 1349 1007 1379 K.
1027 1349 1112 1379 Sext.
1130 1359 1158 1378 a.
1178 1358 1235 1388 709
1255 1347 1331 1387 (45).

591 1436 755 1466 CICERO
778 1435 953 1465 ATTICO
977 1435 1081 1467 SAL.

162 1537 179 1565 1
250 1527 285 1564 O
306 1525 429 1563 suavis
445 1532 527 1562 tuas
543 1523 706 1561 litteras!
738 1523 822 1573 (etsi
842 1526 978 1562 acerba
998 1538 1149 1574 pompa.
1189 1527 1332 1562 Verum
1354 1532 1481 1561 tamen

197 1589 292 1627 scire
316 1588 445 1626 omnia
474 1601 551 1624 non
571 1587 751 1624 acerbum
781 1594 847 1633 est,
870 1590 928 1625 vel
958 1590 1006 1625 de
1028 1589 1158 1637 Cotta)
1187 1590 1373 1637 populum
1393 1600 1481 1624 vero

197 1655 430 1702 praeclarum
451 1653 555 1700 quod
584 1659 737 1699 propter
757 1653 898 1688 malum
920 1651 1086 1689 vicinum
1116 1666 1164 1689 ne
1184 1651 1374 1689 Victoriae
1403 1650 1482 1698 qui-
1504 1662 1542 1682 20

198 1718 287 1754 dem
316 1715 506 1764 ploditur!
563 1716 701 1751 Brutus
729 1716 832 1763 apud
863 1729 923 1752 me
952 1716 1044 1761 fuit;
1074 1715 1165 1763 quoi
1191 1714 1346 1763 quidem
1372 1714 1482 1750 valde

199 1779 374 1827 placebat
394 1791 455 1814 me
475 1777 618 1825 aliquid
638 1779 687 1815 ad
709 1779 921 1816 Caesarem.
980 1780 1201 1815 Adnueram
1219 1792 1226 1823 3
1255 1778 1323 1814 sed
1342 1788 1484 1825 pompa

159 1853 183 1879 2
201 1843 373 1879 deterret.
430 1843 490 1877 Tu
512 1848 639 1878 tamen
659 1854 772 1878 ausus
793 1854 832 1878 es
853 1841 1013 1878 Varroni
1034 1843 1145 1878 dare!
1181 1842 1371 1889 Exspecto
1391 1838 1484 1887 quid

201 1905 352 1943 iudicet.
411 1906 578 1952 Quando
597 1912 724 1942 autem
750 1906 939 1953 pelleget?
995 1906 1054 1941 De
1074 1904 1201 1940 Attica
1227 1904 1358 1952 probo.
1417 1887 1485 1939 Est

243 2015 260 2043 7
284 2005 367 2034 velle
392 2005 523 2043 Tyrrell:
559 2005 602 2034 nil
620 2005 727 2034 codd.:
759 2005 826 2034 vult
852 2005 925 2035 com'.
954 2005 1057 2034 Boot:
1088 2004 1193 2033 nullos
1211 2004 1285 2033 coni.
1307 2002 1489 2042 lVesrnbcrg
1510 2023 1515 2028 ι

201 2048 363 2077 effandum
382 2047 558 2077 Beroaldus
573 2059 579 2077 :
603 2048 775 2077 afflandum
793 2046 833 2075 M
940 2049 959 2076 8
984 2047 1023 2084 μὴ
1040 2046 1169 2086 σκόρδου
1182 2048 1233 2084 (sc.
1246 2046 1350 2085 φάγω)
1370 2045 1488 2084 Tyrrell

201 2090 265 2120 coll.
286 2089 436 2128 Getis-ford
450 2089 614 2120 ‘Par0e1n.
632 2089 735 2119 Graec.
750 2090 758 2101 ’
770 2094 801 2128 p.
824 2100 879 2126 144
898 2100 928 2119 u.
949 2099 1011 2126 270
1027 2088 1075 2118 ἵνα
1090 2089 1132 2127 μὴ
1149 2088 1251 2128 φάγῃς
1267 2087 1393 2127 σκόροδα
1411 2087 1485 2125 μηδὲ

200 2132 341 2170 κυάμους·
367 2131 414 2161 ἐπὶ
436 2132 497 2161 τῶν
512 2133 616 2170 ἡσυχῆ
643 2131 759 2169 ζώντων
777 2143 783 2162 :
806 2134 1074 2160 ΜΙΑΟΚΟΡΔΟὙ
1086 2131 1140 2162 M:
1166 2131 1235 2168 μυῖα
1246 2129 1375 2169 σκόρδου
1384 2129 1464 2159 Ellis
1480 2141 1487 2159 z

201 2175 252 2211 μία
277 2174 424 2213 σκορόδου
449 2174 550 2212 (qnod
569 2175 790 2214 immpretatm*
817 2176 904 2203 ‘nna
925 2179 1004 2212 pars
1028 2173 1131 2209 allz'i'}
1157 2173 1205 2203 vel
1226 2171 1312 2211 ὁρμιὰ
1339 2171 1487 2210 σκορόδου

207 2217 388 2246 Turnebus:
413 2216 529 2254 μίασμα
547 2216 631 2254 δρυός
650 2216 827 2246 Gronovius
958 2225 993 2253 15
1017 2220 1091 2254 post
1109 2216 1166 2247 M:
1190 2225 1290 2253 posco
1307 2214 1402 2244 ORP
1416 2215 1449 2252 (i.
1464 2224 1485 2243 e.

202 2263 276 2297 post
297 2260 337 2295 O,
361 2269 441 2297 quae
468 2259 628 2288 interiectio
649 2259 694 2287 ad
711 2262 886 2296 sequentem
907 2263 949 2297 es).
972 2259 1113 2297 pertinet,
1134 2258 1168 2296 cf.
1192 2257 1361 2287 Lehmann
1384 2255 1486 2286 ‘Am'

199 2306 228 2339 j).
248 2302 320 2339 138)
440 2311 476 2338 ¹9
499 2301 597 2330 Cotta
615 2301 658 2330 C:
682 2300 773 2330 coc'ta
791 2300 869 2330 PR:
897 2304 964 2329 tota
980 2299 1020 2328 M
1144 2310 1184 2337 23
1207 2301 1350 2329 deterret
1369 2299 1410 2328 C:
1437 2308 1487 2327 me

203 2343 431 2413 (CiZLerreltlcom‘.
447 2343 542 2372 Om’llr
556 2355 561 2372 :
579 2343 704 2372 videret
716 2343 755 2371 Μ
769 2353 775 2371 :
792 2343 885 2371 vides
897 2342 979 2371 Reid
993 2352 1079 2381 ‹NL-111„
1092 2343 1256 2381 pompam)
1323 2351 1362 2379 24
1387 2341 1487 2378 probe

260 2397 277 2412 0
293 2396 324 2413 co
351 2408 357 2415 .
378 2395 404 2414 v.
424 2395 452 2422 4.
473 2395 492 2413 2
