1690 2710
151 132 233 168 XV.
253 132 327 167 xix
622 135 673 169 M.
706 134 868 170 TVLLI
899 133 1196 172 CICERONIS

267 241 436 278 Brutus?
491 242 616 279 Doleo
642 254 702 279 me
725 242 896 279 hercules
924 249 961 279 te
989 249 1066 279 tarn
1095 255 1176 280 esse
1204 242 1423 290 distentum,
1445 244 1552 293 quod

265 304 400 341 decem
437 302 657 341 hominibus
698 305 937 342 referendum
980 312 1036 342 est
1072 312 1282 354 acceptum.
1351 307 1420 344 Est
1456 305 1549 344 illud

265 366 420 415 quidem
442 367 587 418 ἐργῶδες
607 368 674 404 sed
695 368 838 405 ἀνεκτὸν
857 367 1026 416 mihique
1045 367 1309 416 gratissimum.
1358 370 1418 406 De
1437 368 1549 406 armis

266 428 359 466 nihil
396 429 473 467 vidi
509 430 683 479 apertius.
743 430 947 478 Fugiamus
991 430 1103 478 igitur
1140 437 1187 476 et,
1227 438 1268 468 ut
1305 430 1369 478 ais,
1409 444 1547 470 coram.

265 493 522 542 Theophanes
556 493 649 542 quid
682 492 770 530 velit
807 492 946 530 neseio.
1009 493 1214 542 Scripserat
1251 493 1353 531 enim
1389 495 1438 532 ad
1475 507 1546 532 me.
1570 506 1589 539 5

265 555 338 593 Cui
358 555 529 605 rescripsi
551 563 591 593 ut
610 555 727 604 potui.
787 555 885 592 Mihi
907 562 1035 593 autem
1064 555 1192 593 scribit
1212 556 1338 594 venire
1357 558 1406 594 ad
1430 570 1490 595 me
1510 571 1550 595 se

263 620 359 656 velle
387 625 429 656 ut
457 626 494 656 et
519 620 568 657 de
594 619 670 656 suis
699 619 811 656 rebus
838 626 874 656 et
895 620 1083 667 quaedam
1107 632 1205 667 quae
1230 621 1279 656 ad
1306 633 1366 657 me
1391 619 1551 668 pertine-

263 689 358 719 rent.
404 683 507 719 Tuas
528 681 667 719 litteras
688 689 876 730 exspecto.
921 681 1030 728 Vide,
1054 694 1207 730 quaeso,
1229 695 1277 719 ne
1297 682 1389 731 quid
1409 690 1550 721 temere

264 746 338 782 fiat.

221 817 246 844 2
316 807 455 845 Statius
476 807 622 856 scripsit
641 809 690 845 ad
717 821 777 845 me
802 809 973 845 locutum
997 821 1126 845 secum
1150 821 1232 845 esse
1253 810 1300 855 Q.
1323 809 1549 846 Ciceronem
1572 825 1609 846 10

262 871 373 908 valde
402 871 667 908 adseveranter
696 883 736 908 se
767 872 860 908 haec
891 872 985 908 ferre
1018 883 1095 907 non
1126 884 1261 919 posse3
1303 879 1447 908 certum
1478 871 1550 908 sibi

262 946 344 971 esse
364 934 413 971 ad
434 935 593 970 Brutum
614 940 650 971 et
671 933 844 971 Cassium
872 933 1038 971 transire.
1099 935 1188 971 Hoc
1214 934 1315 971 enirn
1336 947 1424 971 vero
1447 948 1550 972 nunc

262 996 407 1034 discere
443 1009 547 1042 aveo,
584 997 657 1034 hoc
695 1009 765 1045 ego
785 996 877 1045 quid
915 996 962 1034 sit
999 996 1232 1045 interpretari
1269 1011 1347 1035 non
1380 1011 1546 1046 possum.

263 1060 393 1096 Potest
424 1059 569 1108 aliquid
600 1059 713 1096 iratus
745 1059 926 1105 Antonio,
957 1067 1083 1109 potest
1112 1060 1269 1109 gloriam
1302 1060 1376 1098 iam
1410 1074 1548 1098 novam

261 1135 450 1170 quaerere,
473 1130 597 1171 potest
624 1129 745 1159 toturn
775 1135 857 1160 esse
883 1123 1111 1173 σχεδιάσμα;
1140 1131 1177 1161 et
1202 1123 1379 1161 nimirum
1407 1124 1457 1161 ita
1480 1130 1545 1161 est.
1571 1139 1607 1170 15

262 1186 338 1223 Sed
370 1192 498 1223 tamen
532 1193 568 1223 et
601 1199 671 1234 ego
704 1199 834 1223 vereor
866 1194 903 1223 et
936 1194 1041 1235 pater
1078 1188 1326 1224 conturbatus
1359 1195 1438 1234 est,
1480 1187 1549 1224 scit

261 1249 363 1287 enim
384 1242 481 1298 quae
507 1248 568 1286 ille
588 1250 636 1286 de
663 1250 746 1295 hoc,
771 1263 921 1286 mecum
948 1250 1104 1298 quidem
1132 1252 1254 1298 ἄφατα
1273 1250 1375 1288 olim.
1433 1252 1549 1288 Plane

261 1311 354 1360 quid
373 1311 462 1349 velit
485 1311 624 1349 nescio.
682 1314 717 1348 A
740 1312 940 1349 Dolabella
960 1314 1140 1350 mandata
1159 1313 1312 1350 habebo
1338 1326 1435 1361 quae
1456 1313 1549 1350 mihi

260 1375 500 1420 videbuntur,
531 1374 570 1412 id
599 1382 655 1412 est
683 1375 787 1412 nihil.
848 1376 920 1413 Dic
951 1376 1053 1423 mihi,
1086 1378 1128 1415 C.
1160 1376 1350 1414 Antonius
1379 1376 1548 1414 voluitne

261 1438 339 1476 fieri
359 1437 592 1487 septemvir?
648 1438 733 1475 Fuit
757 1446 857 1476 certe
880 1439 1027 1488 dignus.
1087 1441 1146 1478 De
1168 1440 1402 1478 Menedemo
1428 1446 1485 1477 est
1507 1446 1548 1478 ut
1569 1451 1608 1474 20

261 1500 402 1539 scribis.
461 1500 592 1539 Facies
612 1501 741 1538 omnia
761 1500 854 1538 mihi
874 1509 974 1540 nota.

301 1681 385 1715 XX
427 1683 496 1715 Scr.
510 1684 543 1714 z'n
567 1684 745 1715 Tusculano
760 1684 842 1714 inter
854 1695 897 1715 xv
912 1687 940 1715 et
953 1685 990 1714 xi
1002 1685 1043 1715 K.
1063 1684 1170 1724 Quint.
1190 1695 1219 1716 a.
1241 1694 1297 1724 710
1313 1685 1398 1726 (44).

657 1781 823 1812 CICERO
846 1782 1023 1812 ATTICO
1043 1782 1145 1813 SAL.

224 1891 243 1919 1
314 1879 384 1928 Egi
403 1878 538 1928 gratias
551 1879 755 1926 Vettien03
785 1879 878 1916 nihil
899 1880 1001 1917 enim
1021 1879 1145 1929 potuit
1165 1879 1379 1916 humanius.
1435 1880 1548 1916 Dola-

259 1942 382 1980 bellae
402 1943 582 1979 mandata
602 1941 676 1979 sint
696 1942 901 1990 quaelibet,
922 1942 1014 1979 mihi
1033 1942 1188 1991 aliquid,
1210 1944 1268 1980 vel
1288 1943 1393 1991 quod
1414 1941 1548 1979 Niciae
1569 1956 1606 1988 25

260 2005 443 2043 nuntiem.
502 2005 598 2053 Quis
636 2005 738 2043 enim
776 2007 880 2052 haec,
914 2013 955 2043 ut
985 2005 1126 2051 scribiS,
1159 2007 1378 2045 †anteno†?
1432 2007 1469 2042 N
1473 2018 1548 2042 unc

261 2069 435 2106 dubitare
465 2082 697 2117 quemquam
729 2070 957 2117 prudentem
991 2068 1082 2117 quin
1120 2082 1227 2106 meus
1260 2068 1448 2106 discessus
1485 2069 1548 2105 de-

261 2131 484 2180 sperationis
504 2132 560 2177 sit,
584 2145 661 2169 non
681 2132 910 2180 legationis?
961 2133 1078 2180 Quod
1098 2131 1152 2169 ais
1172 2139 1338 2169 extrema
1357 2132 1547 2180 quaedam

303 2243 321 2270 4
345 2237 378 2262 et
397 2233 451 2265 (sic
472 2232 569 2267 codd&
589 2237 623 2262 ut
643 2233 699 2262 ais.
727 2233 842 2262 Coram
866 2232 1088 2270 Theophanes
1113 2232 1306 2262 Lehmann:
1338 2231 1406 2270 sed,
1430 2235 1464 2261 ut
1483 2231 1542 2269 ais,

261 2285 379 2305 coram.
399 2275 620 2313 Theophanes
642 2273 826 2314 lfVesenbng
956 2284 991 2312 14
1016 2275 1079 2303 iam
1100 2274 1165 2304 secl.
1189 2273 1370 2313 [Vesenberg
1505 2274 1547 2303 26

260 2317 396 2356 anteno]
416 2322 492 2346 ante
509 2319 588 2347 nos?
615 2317 773 2347 Corradus
787 2328 793 2346 :
816 2315 957 2346 λεπτύνει
977 2316 1331 2357 (νείῥοΐὶιιιελεπτυνεΐ)
1346 2315 1523 2347 Gronovius
1539 2327 1546 2346 :

261 2364 334 2390 ante
354 2359 464 2390 Nonas
483 2359 536 2400 (sc.
556 2358 741 2396 credidisset)
760 2358 877 2390 Gurlilt
