1590 2730
476 145 584 181 EPP.
616 146 691 180 AD
720 145 969 183 ATTICVM
1335 149 1380 185 X.
1403 158 1462 184 xv

87 253 191 292 Servi
225 252 384 291 consilio
412 251 506 289 nihil
535 251 742 300 expeditur.
800 253 946 290 Omnes
975 253 1169 302 captiones
1197 254 1236 292 in
1265 254 1370 292 omni

86 316 275 354 sententia
307 321 519 353 occurrunt.
577 316 707 351 Vnum
742 315 784 352 C.
822 316 1048 353 Marcellum
1081 317 1242 365 cognovi
1275 318 1371 354 timi-

85 379 232 418 diorem
246 393 256 426 ς
292 391 407 427 quem
436 378 632 414 consulem
661 377 775 414 fuisse
803 378 980 426 paenitet.
1028 380 1077 415 ’Ὦ
1106 383 1247 428 πολλῆς
1274 383 1371 431 ἀγεν-

85 444 199 483 νείαςὲ
254 441 319 490 qui
365 440 479 478 etiam
525 439 738 477 Antonium
776 442 1020 479 confirmasse
1057 442 1194 479 dicitur
1230 450 1271 480 ut
1308 457 1370 481 me

50 505 297 555 5impediret‚
331 516 409 553 quo
446 503 536 552 ipse,
577 503 702 548 credo,
742 503 948 541 honestius.
1015 505 1205 542 Antonius
1242 513 1412 550 autem3

87 581 126 606 VI
161 569 254 606 Idus
288 568 461 615 Capuam
495 567 685 615 profectus
717 572 782 603 est.
840 568 902 603 Ad
936 580 997 604 me
1027 568 1127 605 misit
1157 581 1197 605 se
1225 570 1370 617 pudore

87 631 308 670 deterritum
340 631 389 667 ad
423 643 484 667 me
517 642 595 666 non
628 628 775 666 venisse
809 630 913 677 quod
948 643 1009 667 me
1043 631 1114 668 sibi
1152 644 1370 669 suscensere

86 702 244 745 putaret.
303 693 425 731 Ibitur
452 693 563 742 igitur
591 700 627 730 et
655 692 707 729 ita
735 692 891 740 quidem
920 700 962 730 ut
990 707 1131 740 censes,
1163 695 1234 732 nisi
1263 695 1370 732 cuius

85 757 262 808 gravioris
286 768 470 806 personae
494 754 759 803 suscipiendae
783 767 869 803 spes
895 755 963 792 erit
989 764 1077 794 ante
1100 758 1236 794 oblata.
1295 758 1370 795 Sed

30 835 70 858 ιο.
85 821 146 859 vix
165 820 233 858 erit
253 827 330 857 tam
351 819 436 856 cito.
493 818 666 855 Allienus
685 825 813 855 autem
835 826 983 866 praetor
1008 820 1165 867 putabat
1191 820 1367 868 aliquem,

86 884 116 922 si
153 897 224 933 ego
257 896 345 929 non,
382 896 427 920 ex
463 881 631 930 conlegis
668 881 755 918 suis.
827 881 961 929 Quivis
999 883 1085 920 licet
1123 884 1213 921 dum
1253 885 1370 927 modo

84 946 231 996 aliquis.

139 1012 200 1048 De
224 1023 351 1048 sorore
376 1010 502 1047 laudo.
562 1010 621 1046 De
646 1007 792 1056 Quinto
818 1021 936 1057 puero
960 1010 1070 1046 datur
1095 1023 1232 1058 operag
1261 1023 1370 1059 spero
1388 1019 1414 1056 4

86 1086 168 1111 esse
189 1073 354 1111 meliora.
414 1074 474 1110 De
495 1071 642 1119 Quinto
663 1072 773 1108 fratre
797 1071 892 1108 scito
916 1084 1002 1108 eum
1027 1085 1105 1109 non
1132 1073 1372 1110 mediocriter

32 1150 67 1181 15
86 1137 256 1174 laborare
276 1137 324 1174 de
344 1149 495 1173 versura
520 1136 587 1172 sed
610 1136 737 1171 adhuc
762 1134 853 1170 nihil
877 1147 898 1171 a
923 1136 964 1171 L.
988 1135 1150 1183 Egnatio
1179 1136 1368 1184 expressit.

86 1200 204 1237 Axius
233 1201 281 1237 de
307 1198 513 1237 duodecim
540 1197 692 1235 milibus
722 1198 893 1246 pudens!
960 1199 1081 1246 Saepe
1109 1198 1210 1235 enim
1239 1200 1288 1236 ad
1317 1212 1372 1235 me

85 1262 232 1311 scripsit
260 1270 301 1299 ut
325 1261 450 1299 Gallio
480 1268 665 1309 quantum
692 1260 722 1297 is
751 1261 862 1297 vellet
889 1261 1029 1298 darem.
1087 1262 1204 1308 Quod
1232 1261 1263 1299 si
1291 1275 1369 1299 non

85 1325 303 1374 scripsisset,
332 1338 535 1374 possemne
561 1324 695 1361 aliter?
751 1325 800 1360 Et
826 1323 982 1371 quidem
1012 1336 1124 1372 saepe
1152 1337 1235 1361 sum
1265 1324 1370 1372 polli-

85 1388 180 1426 citus
211 1390 279 1427 sed
305 1396 452 1426 tantum
481 1387 600 1426 voluit
629 1387 715 1424 cito.
775 1388 841 1424 Me
869 1400 957 1424 vero
994 1386 1216 1424 adiuvarent
1245 1387 1302 1424 his
1331 1387 1369 1425 in

29 1466 67 1488 20
84 1451 275 1500 angustiis.
346 1453 421 1489 Sed
455 1451 494 1489 di
528 1451 642 1488 istos!
708 1452 851 1487 Verum
885 1449 986 1486 alias.
1044 1451 1101 1487 Te
1133 1463 1156 1487 a
1188 1458 1371 1498 quartana

84 1514 281 1551 liberatum
320 1516 469 1563 gaudeo
507 1514 675 1562 itemque
714 1513 858 1549 Piliam.
935 1514 1026 1561 Ego,
1058 1514 1150 1549 dum
1189 1513 1295 1561 panis
1333 1521 1370 1550 et

84 1585 208 1615 cetera
236 1578 274 1614 in
303 1591 439 1615 navem
468 1585 655 1626 parantur,
683 1589 838 1614 excurro
867 1575 905 1612 in
936 1576 1224 1624 Pompeianum.
1280 1578 1370 1613 Vet-

84 1640 187 1678 tieno
217 1641 330 1679 velim
362 1641 497 1690 gratias
526 1642 631 1687 quod
660 1640 852 1677 studiosus
877 1640 922 1677 sit
937 1654 946 1685 3
985 1639 1015 1676 si
1041 1652 1273 1687 quemquam
1307 1653 1368 1677 na-

83 1711 166 1741 ctus
186 1704 256 1741 eris
277 1704 342 1753 qui
362 1706 532 1753 perferat,
555 1704 695 1741 litteras
717 1705 783 1741 des
803 1711 891 1740 ante
912 1716 1026 1751 quam
1047 1702 1289 1740 discedimus.

28 1851 65 1883 ²5
125 1845 232 1879 XVI
331 1847 398 1879 Scr.
419 1849 451 1878 in
470 1848 618 1878 Cumano
630 1847 713 1886 prid.
732 1846 780 1877 Id.
801 1846 879 1876 Mai.
900 1857 928 1878 a.
948 1857 1000 1884 705
1018 1846 1102 1886 (49).

478 1940 641 1970 CICERO
663 1938 839 1969 ATTICO
862 1937 965 1968 SAL.

135 2022 396 2060 Commodum
428 2022 478 2058 ad
513 2029 550 2058 te
582 2021 763 2058 dederam
796 2020 936 2057 litteras
969 2020 1018 2056 de
1051 2017 1219 2067 pluribus
1253 2018 1364 2055 rebus
1384 2029 1400 2056 1

81 2097 169 2122 cum
188 2085 238 2122 ad
264 2098 325 2122 me
353 2084 452 2122 bene
478 2096 590 2121 mane
612 2082 817 2131 Dionysius
842 2082 919 2119 fuit.
978 2081 1081 2129 Quoi
1110 2080 1265 2129 quidem
1294 2094 1364 2129 ego

121 2197 142 2224 9
165 2186 392 2224 suscipiendae
409 2185 599 2215 Ascensz'ns:
625 2184 835 2221 suscipienda
851 2182 891 2212 Μ
997 2192 1034 2220 15
1056 2192 1193 2212 versura
1212 2181 1364 2212 Vrsinus:

81 2238 178 2258 usura
195 2228 235 2257 M
420 2229 457 2257 16
481 2238 532 2257 me
555 2226 628 2257 add.
654 2226 761 2256 Vrsini
776 2229 781 2240 ί
794 2229 880 2255 vetus
895 2225 986 2254 liber’
1185 2235 1222 2262 19
1245 2224 1296 2254 his
1313 2225 1362 2264 in]

79 2270 128 2300 hic
142 2270 252 2299 desinit
272 2268 315 2299 W
439 2280 475 2299 21
502 2270 595 2307 panis
612 2269 710 2298 Boot:
737 2278 838 2306 panes
855 2267 938 2297 codd.
956 2278 963 2296 τ
987 2277 1093 2305 penus
1109 2267 1197 2297 Koch
1326 2277 1365 2304 23

77 2315 151 2351 post
166 2313 289 2350 gratias
310 2312 446 2342 addend.
461 2322 541 2349 agas
561 2312 636 2341 coni.
662 2310 850 2349 PVesenberg,
869 2309 925 2339 sed
946 2309 980 2347 cf
998 2310 1061 2339 xvi.
1080 2319 1108 2347 7.
1123 2319 1140 2347 5
1249 2309 1289 2338 sit
1307 2308 1345 2337 M
1358 2320 1364 2338 :

82 2359 132 2384 est
152 2353 225 2384 Vict.
355 2356 395 2384 28
418 2354 492 2394 fuit]
514 2355 604 2383 venit
626 2353 818 2392 IVesenbmg,
835 2351 889 2381 sed
905 2351 940 2389 cs.
959 2363 986 2389 4.
1001 2352 1039 2380 8:
1065 2361 1138 2381 cum
1159 2351 1222 2380 tuis
1242 2352 1296 2389 (sc.
1318 2351 1364 2381 lit-

82 2397 152 2426 teris
165 2398 257 2434 venit)
278 2396 397 2427 Gurlitt
