1590 2730
36 144 149 179 XIII.
174 142 345 179 xxxiiia
540 143 594 177 M.
625 142 787 177 TVLLI
818 140 1114 178 CICERONIS

182 252 394 299 paenulam.
465 252 614 286 Tamen
653 255 914 286 remanserunt
955 247 1169 296 ceciditque
1210 246 1318 283 belle.
1393 247 1468 283 Sed

181 328 270 351 casu
300 326 423 350 sermo
452 327 473 350 a
500 312 688 360 Capitone
717 313 765 349 de
794 311 886 348 urbe
914 311 1099 359 augenda,
1126 323 1148 347 a
1176 316 1293 358 ponte
1321 308 1468 345 Mulvio

181 377 351 415 Tiberim
385 376 473 414 duci
503 377 715 413 secundum
746 375 884 411 montis
913 373 1130 418 Vafficanos,
1162 385 1340 421 campum
1371 373 1469 408 Mar-

181 440 274 478 tium
313 438 563 484 coaedificari,
599 438 704 475 illum
742 445 869 475 autem
908 450 1085 485 campum
1123 434 1353 472 Vaticanum
1390 433 1468 471 fieri

181 503 287 552 quasi
320 502 500 539 Martium
535 514 724 549 campum.
785 499 914 547 ‘Quid
942 499 1051 537 ais?'
1090 498 1270 547 inquam3
1310 500 1369 534 ‘at
1398 510 1468 545 ego

181 568 230 603 ad
251 566 418 603 tabulam
439 573 490 611 ut,
513 564 543 601 si
569 571 669 602 recte
695 577 857 613 possem,
881 564 1114 611 Scapulanos
1134 562 1288 599 hortos.’
1345 564 1353 580 ‘
1367 561 1469 598 Cave

182 630 318 667 facias'
339 629 484 677 inquit3
515 632 624 665 ‘nam
652 627 722 664 ista
747 629 805 664 lex
830 628 1058 675 perferetur3
1085 626 1164 662 vult
1184 624 1285 662 enirn
1306 625 1469 662 Caesar?

182 692 325 730 Audire
345 706 405 729 me
426 691 534 728 facile
555 704 686 739 passus
707 703 801 735 sum,
825 689 903 726 fieri
922 696 1050 725 autem
1071 689 1229 725 moleste
1249 688 1338 725 fero.
1393 688 1468 724 Sed

182 763 222 792 tu
242 755 334 803 quid
354 755 437 791 ais?
493 756 737 802 Quamquam
759 752 851 801 quid
872 754 1041 800 quaero?
1096 750 1208 788 Nosti
1234 750 1467 799 diligentiam

183 818 381 867 Capitonis
425 818 463 854 in
505 818 616 854 rebus
660 817 767 853 novis
811 814 1082 864 perquirendis.
1159 816 1249 852 Non
1292 814 1469 852 concedit

184 881 356 920 Camillo.
416 881 545 917 Facies
567 894 627 917 me
651 880 760 928 igitur
780 878 977 915 certiorem
998 879 1046 915 de
1068 877 1212 914 Idibus.
1270 879 1349 914 Ista
1368 877 1469 914 enim

185 958 245 982 me
271 958 328 981 res
356 944 583 981 adducebat.
642 945 700 980 Eo
728 942 973 979 adiunxeram
1003 948 1145 977 ceteras
1166 953 1259 988 quas
1287 940 1470 988 consequi

187 1016 314 1045 tamen
334 1007 453 1045 biduo
473 1014 537 1044 aut
557 1007 683 1044 triduo
703 1013 789 1054 post
808 1005 916 1042 facile
937 1012 1079 1053 potero.
1130 1005 1187 1040 Te
1207 1010 1334 1040 tamen
1355 1003 1392 1039 in
1413 1003 1472 1040 via

84 1077 168 1115 2(5)
187 1071 323 1108 confici
358 1071 513 1108 minime
543 1072 653 1115 volo;
695 1069 787 1118 quin
819 1069 933 1107 etiam
969 1067 1154 1116 Dionysio
1188 1066 1353 1115 ignosco.
1414 1068 1472 1104 De

189 1137 305 1172 Bruto
334 1136 438 1183 quod
467 1134 608 1179 scribis,
640 1133 711 1171 feci
740 1140 780 1170 ut
810 1132 844 1170 ei
872 1133 1032 1169 liberum
1062 1138 1170 1177 esset,
1200 1131 1305 1179 quod
1333 1132 1382 1168 ad
1411 1143 1472 1167 me

184 1197 368 1234 attineret.
427 1197 565 1246 Scripsi
586 1197 687 1234 enim
706 1197 755 1234 ad
775 1209 863 1234 eum
884 1195 963 1233 heri
984 1194 1118 1232 Idibus
1145 1193 1225 1231 eius
1245 1207 1359 1241 opera
1379 1192 1472 1230 mihi

185 1260 278 1298 nihil
298 1274 394 1310 opus
415 1274 506 1299 esse.

230 1453 419 1489 XXXIV
505 1455 569 1486 Ser.
590 1455 731 1485 Asturae
745 1456 778 1484 vs
790 1455 831 1485 K.
852 1455 937 1485 Sars.
958 1466 986 1484 α.
1009 1464 1065 1494 709
1084 1455 1162 1493 (U)-

592 1545 758 1576 CICERO
787 1545 818 1574 A
829 1545 962 1575 TTICO
990 1542 1090 1576 SAL.

244 1644 418 1679 Asturam
453 1639 537 1677 veni
570 1651 641 1675 V111
679 1640 761 1675 Kal.
796 1639 941 1686 vesperi.
1013 1637 1170 1675 Vitandi
1204 1637 1305 1675 enim
1339 1635 1472 1674 caloris

189 1719 302 1743 causa
332 1702 478 1740 Lanuvi
508 1702 572 1739 tris
602 1703 712 1738 horas
741 1701 1016 1750 acquieveram.
1075 1703 1134 1738 Tu
1161 1700 1284 1745 velim,
1308 1699 1337 1737 si
1362 1713 1473 1748 grave

189 1782 265 1805 non
287 1767 365 1812 crit,
388 1766 527 1803 efficias
548 1779 595 1802 ne
616 1772 703 1801 ante
726 1766 857 1801 Nonas
879 1764 970 1800 mibi
992 1765 1079 1801 illuc
1099 1763 1330 1801 veniendum
1352 1762 1397 1800 sit
1419 1762 1474 1809 (id

190 1840 297 1880 potes
318 1845 382 1879 pcr
401 1830 603 1879 Egnatium
623 1831 862 1877 Maximum),
880 1831 971 1867 illud
993 1830 1029 1866 in
1050 1829 1190 1878 primis,
1206 1841 1292 1865 cum
1311 1825 1474 1863 Publilio

191 1908 251 1932 me
271 1895 428 1931 absente
448 1893 638 1930 conficias.
698 1896 756 1930 l)e
777 1907 853 1942 quo
874 1907 971 1941 quae
992 1894 1091 1929 fama
1111 1892 1157 1929 sit
1177 1891 1328 1928 scribes.

531 1958 599 1994 ‘Id
629 1959 791 2005 populus
821 1964 924 1993 curat
954 1956 1139 1993 scilicetl'

192 2023 281 2058 Non
299 2034 358 2058 me
375 2022 526 2057 hercule
542 2020 700 2057 arbitror
717 2035 725 2065 3
755 2019 894 2056 etenim
911 2020 1005 2056 haec
1022 2020 1222 2056 decantata
1241 2023 1319 2055 erat
1334 2017 1470 2053 fabula.

237 2133 248 2152 1
275 2124 456 2161 ceciditque
476 2122 505 2152 O
522 2123 606 2152 Crat.
625 2123 737 2151 codt'ces
755 2121 848 2151 Bosz':
877 2120 1044 2157 cecidique
1061 2119 1108 2149 P:
1133 2119 1236 2149 cecidi
1255 2122 1281 2147 Δ
1298 2118 1333 2149 Ι;
1358 2117 1474 2147 cecidit

195 2167 288 2195 Rom.
380 2166 461 2205 Sed]
480 2165 604 2195 scilicet
626 2165 808 2202 msenbmg
933 2172 952 2199 3
976 2163 1049 2192 duci
1068 2161 1112 2191 C:
1136 2161 1229 2199 pauci
1247 2163 1316 2191 ΣΔ;
1341 2159 1474 2197 perduci

194 2208 310 2237 Bassus
400 2219 435 2246 ¹5
461 2209 564 2237 Bruto
583 2206 683 2237 CPO‘
705 2218 711 2236 :
736 2204 904 2243 hyutoM:
930 2204 1040 2234 Hirtio
1061 2203 1104 2234 Ο2
1123 2203 1205 2233 Crat.
1220 2202 1317 2233 Rom.
1333 2202 1354 2231 I
1439 2202 1475 2230 16

196 2251 304 2280 Idibus
328 2250 442 2280 Mam:
477 2251 523 2281 Id.
543 2249 617 2279 maii
643 2248 702 2278 M:
728 2249 838 2278 Idibus
864 2248 988 2276 Rornae
1013 2245 1160 2276 Shmidt
1244 2255 1284 2275 20
1303 2248 1375 2284 post
1400 2244 1471 2273 Kal.

193 2293 267 2322 add.
288 2294 339 2323 iul.
359 2292 406 2329 M,
423 2292 496 2322 add.
510 2292 640 2330 vesperi
655 2295 724 2329 post
739 2291 812 2320 veni
828 2289 946 2319 Sclzz'ilz
1053 2298 1093 2326 23
1116 2291 1187 2318 ante
1205 2298 1277 2317 cum
1300 2286 1373 2316 add.
1396 2290 1430 2315 ut
1447 2285 1474 2314 L

194 2334 328 2373 (marg.)
346 2345 373 2364 v.
388 2346 409 2364 c.
428 2329 469 2362 Z7'
647 2344 686 2370 24
711 2344 762 2362 me
780 2333 914 2362 absente
932 2331 1050 2361 Sclu'z'tz
1066 2330 1124 2359 coll
1150 2340 1188 2367 47
1201 2341 1218 2359 a
1236 2340 1253 2358 2
1270 2341 1276 2359 ε
1300 2339 1371 2358 mea
1389 2338 1472 2366 pene

193 2377 330 2407 absente
345 2377 401 2406 M:
426 2387 476 2406 me
492 2380 629 2415 apsente
649 2375 777 2405 Msiller:
805 2385 855 2404 me
873 2379 1047 2413 praesente
1064 2373 1198 2402 absente
1215 2371 1398 2409 Peerlkamp

1493 829 1527 850 ΙΟ

1494 1649 1531 1669 20
