1690 2710
127 131 234 168 XVI.
256 131 370 167 xviA
630 132 683 168 M.
714 132 877 168 TVLLI
907 132 1203 170 CICERONIS
1535 129 1558 149 ⁶

895 258 940 293 A.

615 340 682 371 Scr.
701 341 733 370 in
753 340 932 371 Tusculano
948 340 1053 371 eodem
1069 344 1210 381 tempore.

395 414 438 446 M.
473 415 643 445 CICERO
677 415 710 445 L.
746 415 929 445 PLANCO
963 415 1123 445 PRAET.
1156 414 1298 445 DESIG.
1334 413 1427 445 SAL.

227 504 251 540 3
321 490 439 528 Attici
467 491 585 529 nostri
614 498 650 529 te
675 493 785 529 valde
814 491 1027 528 studiosum
1056 504 1138 528 esse
1167 480 1337 539 cognovi,
1367 489 1441 527 mei
1467 503 1555 528 vero

269 552 321 590 ita
340 553 523 602 cupidum
544 560 585 591 ut
605 567 665 591 me
686 555 838 591 hercule
864 566 1006 601 paucos
1032 566 1153 601 aeque
1182 553 1415 591 observantis
1441 560 1555 602 atque
1575 570 1591 600 5

266 616 429 653 amantis
450 630 510 654 me
530 617 669 654 habere
689 616 910 654 existimem.
951 617 1013 653 Ad
1029 623 1203 664 paternas
1223 616 1323 653 enim
1345 629 1500 664 magnas
1520 624 1556 653 et

267 686 411 716 veteres
435 687 472 716 et
492 679 606 716 iustas
633 679 932 717 necessitudines
960 692 1135 727 magnam
1155 678 1279 716 attulit
1298 678 1555 716 accessionem

269 749 333 779 tua
353 743 527 779 voluntas
548 755 634 790 erga
653 755 714 779 me
735 755 896 790 meaque
916 755 1002 790 erga
1022 748 1058 778 te
1078 754 1144 789 par
1162 748 1276 789 atque
1296 748 1436 778 mutua.

224 811 250 847 4
323 805 521 842 Buthrotia
541 805 609 842 tibi
634 818 748 842 causa
767 805 895 853 ignota
921 817 999 841 non
1025 812 1090 841 est.
1149 804 1219 851 Egi
1245 804 1346 840 enim
1373 817 1484 852 saepe
1507 806 1556 841 de

268 881 313 905 ea
339 881 377 905 re
403 876 529 905 tecum
557 868 702 916 tibique
727 875 846 905 totam
873 880 952 904 rem
972 866 1240 911 demonstravi,
1271 879 1368 914 quae
1397 873 1452 903 est
1471 873 1555 903 acta
1579 882 1614 903 10

268 932 341 968 hoc
379 932 507 969 modo.
568 933 619 968 Vt
657 930 819 980 primum
860 930 1102 967 Buthrotium
1141 942 1270 977 agrum
1303 928 1554 977 proscriptum

267 993 442 1040 vidimus,
465 1001 680 1031 commotus
697 994 846 1031 Atticus
866 993 1035 1030 libellum
1058 991 1283 1040 composuit.
1344 993 1442 1028 Eum
1464 991 1555 1028 mihi

267 1057 373 1094 dedit
401 1065 442 1094 ut
470 1058 599 1095 darem
629 1057 780 1095 Caesari
797 1071 806 1103 3
841 1069 943 1093 eram
972 1055 1073 1093 enim
1105 1062 1305 1092 cenaturus
1337 1055 1439 1102 apud
1468 1067 1555 1091 eum

268 1119 332 1157 illo
366 1119 437 1157 die.
501 1121 599 1156 Eum
632 1119 801 1157 libellum
833 1118 985 1157 Caesari
1018 1117 1118 1155 dedi.
1179 1117 1355 1154 Probavit
1389 1129 1552 1162 causam,

268 1182 456 1231 rescripsit
480 1182 609 1219 Attico
638 1196 760 1231 aequa
787 1195 874 1219 eum
904 1183 1104 1230 postulare,
1130 1179 1330 1217 admonuit
1358 1187 1485 1217 tamen
1515 1188 1554 1217 ut
1579 1193 1612 1224 ¹5

227 1258 250 1296 5
270 1245 471 1293 pecuniam
501 1245 683 1294 reliquam
712 1245 899 1282 Buthrotii
928 1245 977 1282 ad
1005 1244 1107 1281 diem
1137 1245 1334 1280 solverent.
1407 1243 1555 1280 Atticus

268 1308 333 1357 qui
359 1308 549 1346 civitatem
577 1315 835 1346 conservatam
862 1315 1016 1356 cuperet
1044 1307 1246 1356 pecuniam
1273 1307 1481 1344 numeravit
1508 1308 1556 1344 de

267 1385 346 1410 suo.
406 1373 523 1420 Quod
547 1385 634 1408 curn
660 1379 758 1409 esset
778 1372 932 1417 factum,
952 1370 1115 1408 adiimus
1139 1372 1188 1408 ad
1211 1371 1424 1416 Caesarem,
1442 1371 1556 1408 verba

267 1435 425 1472 fecimus
446 1448 513 1483 pro
531 1434 747 1479 Buthrotiis,
766 1433 1070 1471 liberalissimum
1091 1434 1286 1471 decretum
1307 1433 1531 1470 abstulimus
1546 1452 1556 1485 3

267 1499 372 1545 quod
392 1505 447 1535 est
463 1497 704 1546 obsignatum
724 1497 774 1533 ab
792 1496 1034 1545 amplissimis
1050 1496 1146 1534 viris.
1192 1499 1302 1545 Quae
1322 1510 1408 1534 cum
1429 1504 1554 1534 essent
1575 1509 1614 1530 20

265 1568 359 1606 acta,
401 1560 523 1597 mirari
565 1559 743 1608 equidem
786 1560 955 1596 solebam
993 1559 1070 1608 pati
1108 1562 1310 1599 Caesarem
1352 1559 1555 1597 convenire

266 1637 331 1660 eos
358 1623 422 1671 qui
447 1635 578 1671 agrum
607 1621 847 1659 Buthrotium
877 1623 1157 1672 concupissent,
1181 1636 1306 1671 neque
1329 1624 1450 1660 solum
1478 1622 1553 1671 pati

266 1686 333 1723 sed
360 1685 473 1722 etiam
499 1685 533 1722 ei
559 1684 713 1732 negotio
739 1691 775 1722 te
802 1686 1014 1732 praeficere.
1074 1687 1210 1734 Itaque
1233 1693 1269 1722 et
1290 1698 1359 1734 ego
1383 1698 1470 1722 cum
1491 1685 1554 1722 illo

266 1750 415 1785 locutus
444 1761 527 1785 sum
557 1755 594 1785 et
623 1747 771 1796 saepius
801 1749 967 1797 quidem,
997 1756 1038 1786 ut
1066 1749 1179 1786 etiam
1208 1761 1404 1786 accusarer
1431 1749 1479 1785 ab
1508 1761 1554 1785 eo

266 1811 371 1858 quod
400 1823 532 1858 parum
561 1810 798 1848 constantiae
827 1825 917 1849 suae
946 1813 1189 1865 confiderem,
1212 1819 1249 1849 et
1275 1813 1327 1848 M.
1352 1812 1554 1848 Messallae
1574 1822 1610 1852 25

265 1881 302 1910 et
323 1873 392 1922 ipsi
413 1873 542 1911 Attico
562 1873 654 1911 dixit
675 1881 715 1911 ut
738 1874 818 1912 sine
840 1888 928 1912 cura
952 1882 1077 1912 essent
1102 1882 1307 1924 aperteque
1327 1874 1554 1912 ostendebat

265 1949 305 1974 se
325 1936 578 1985 praesentium
601 1937 750 1974 animos
772 1938 866 1987 (erat
886 1937 987 1975 enim
1008 1938 1208 1986 popularis,
1232 1945 1272 1974 ut
1292 1937 1419 1985 noras)
1440 1938 1554 1974 offen-

264 2001 354 2037 dere
373 2001 498 2046 nolle3
527 2013 615 2037 cum
639 2008 766 2038 autem
789 2014 889 2038 mare
910 2000 1142 2047 transissent,
1162 2008 1378 2037 curaturum
1399 2013 1438 2036 se
1458 2007 1498 2036 ut
1515 1999 1552 2035 in

219 2066 246 2101 6
263 2062 379 2099 alium
398 2076 530 2111 agrum
548 2064 835 2101 deducerentur.
892 2065 1000 2100 Haec
1021 2063 1085 2101 illo
1105 2064 1199 2100 vivo.
1253 2065 1344 2100 Post
1360 2061 1550 2099 interitum

262 2134 390 2163 autem
413 2126 595 2171 Caesaris,
620 2133 659 2163 ut
680 2125 841 2175 primum
870 2141 914 2163 ex
940 2133 1092 2163 senatus
1118 2127 1293 2163 consulto
1313 2138 1444 2163 causas
1465 2137 1551 2162 con·
1570 2134 1610 2164 30

263 2190 361 2225 sules
392 2201 622 2236 cognoscere
659 2188 913 2235 instituerunt,
944 2190 1038 2225 haec
1071 2202 1168 2236 quae
1199 2201 1310 2237 supra
1339 2187 1469 2236 scripsi
1502 2188 1550 2224 ad

302 2299 320 2325 3
346 2290 379 2319 L.
401 2288 455 2319 M:
480 2289 551 2318 CN.
574 2289 662 2319 Man.
775 2299 804 2326 9,
828 2299 864 2318 10
889 2289 929 2318 de
950 2299 988 2318 ea
1009 2299 1042 2318 rc
1059 2289 1171 2318 combles
1186 2289 1279 2319 Bosi:
1309 2289 1350 2317 dc
1372 2298 1410 2317 ca
1432 2298 1458 2318 v.
1477 2299 1500 2318 c.
1521 2287 1548 2316 L

263 2332 419 2370 (marg.):
445 2341 509 2361 om.
532 2334 584 2360 ΣΔ
713 2332 753 2360 28
776 2335 885 2360 autem
903 2331 958 2360 M:
992 2341 1054 2361 om.
1078 2334 1144 2360 velt.
