1590 2730
85 157 152 194 IX.
170 156 281 193 xiiiA
555 155 610 192 M.
639 154 803 192 TVLLI
833 153 1129 193 CICERONIS

411 309 642 346 ‘CAESAR
670 308 832 345 OPPIO
862 306 1145 345 CORNELIO
1175 306 1282 342 SAL.

253 389 296 423 A.
321 389 355 424 d.
378 399 432 423 vri
456 389 548 425 Idus
570 387 726 424 Martias
748 386 993 424 Brundisium
1013 385 1109 430 veni,
1128 386 1177 422 ad
1194 396 1343 421 murum
1363 389 1485 420 castra

200 449 319 498 posui.
378 450 582 498 Pompeius
611 458 666 487 est
688 450 874 487 Brundisi.
933 448 1039 486 Misit
1067 449 1116 485 ad
1145 461 1206 484 me
1236 448 1284 484 N.
1311 445 1483 494 Magium

200 513 248 549 de
277 526 380 561 pace.
440 515 549 561 Quae
569 513 648 550 visa
668 521 755 550 sunt
780 512 970 561 respondi.
1030 514 1120 549 Hoc
1139 524 1207 548 vos
1233 509 1359 547 statim
1388 508 1483 546 scire

200 575 310 612 volui.
370 578 499 623 Quom
528 576 566 613 in
595 590 701 625 spem
722 589 861 613 venero
887 577 935 613 de
955 573 1234 624 compositione
1253 572 1398 621 aliquid
1421 584 1482 608 me
1501 580 1518 611 5

201 640 398 685 conficere,
421 640 546 677 statim
567 653 634 677 vos
658 639 834 676 certiores
854 638 1013 676 faciam.’

159 714 182 740 2
254 704 343 749 Quo
363 704 480 740 modo
501 717 561 740 me
581 717 684 740 nunc
703 710 824 751 putas,
847 702 897 739 mi
919 702 1067 747 Cicero,
1083 699 1259 750 torqueri,
1277 706 1482 748 postquam

200 778 324 801 rursus
345 765 382 802 in
403 779 509 814 spem
530 765 633 814 pacis
653 765 749 811 veni,
772 779 819 802 ne
839 778 915 813 qua
934 778 990 801 res
1011 778 1142 801 eorum
1162 761 1481 811 compositionem

200 827 410 876 impediat?
474 830 652 876 Namque
689 829 794 877 quod
835 829 972 865 absens
1019 829 1141 864 facere
1181 839 1338 875 possum
1375 832 1478 874 opto.

201 891 317 937 Quod
354 890 383 927 si
421 904 496 928 una
533 905 666 937 essem,
701 891 845 939 aliquid
878 892 1035 927 fortasse
1068 891 1250 939 proficere
1283 902 1395 938 posse
1428 887 1480 924 mi
1502 901 1541 923 10

198 952 352 990 viderer.
411 955 526 991 Nunc
554 952 835 1001 exspectatione
863 952 1020 990 crucior.

239 1111 341 1144 XIV
456 1112 522 1143 Ser.
543 1114 574 1143 in
591 1113 768 1143 Formiano
784 1113 838 1144 viii
852 1114 892 1143 K.
913 1113 994 1152 Apr.
1011 1124 1039 1143 a.
1062 1123 1114 1152 705
1131 1115 1214 1153 (49).

601 1205 771 1236 CICERO
795 1206 960 1236 ATTICO
985 1206 1078 1236 SAL.

163 1289 180 1315 1
251 1281 431 1319 Miseram
451 1283 501 1320 ad
521 1289 557 1320 te
577 1294 664 1319 vr111
695 1285 742 1319 K.
765 1284 981 1331 exemplum
1007 1281 1191 1331 epistulae
1216 1280 1325 1319 Balbi
1347 1281 1397 1318 ad
1417 1293 1478 1317 me

197 1351 234 1381 et
263 1345 435 1382 Caesaris
463 1346 512 1383 ad
542 1359 639 1383 eum.
709 1347 811 1383 Ecce
832 1345 899 1382 tibi
920 1346 1058 1383 eodem
1085 1344 1148 1382 die
1174 1346 1308 1393 Capua
1333 1344 1475 1381 litteras
1499 1356 1535 1389 15

180 1407 324 1455 accepi
354 1408 404 1444 ab
433 1410 480 1455 Q.
508 1408 628 1446 Pedio
663 1410 866 1447 Caesarem
892 1409 941 1445 ad
969 1421 1008 1445 se
1039 1407 1160 1456 pridie
1193 1408 1286 1445 Idus
1319 1406 1476 1444 Martias

195 1471 268 1507 hoc
288 1473 461 1519 exemplo
480 1486 486 1507 :

247 1536 256 1552 ‘
274 1534 479 1582 Pompeius
499 1547 539 1571 se
559 1535 704 1583 oppido
724 1542 837 1572 tenet.
898 1536 979 1572 Nos
1003 1535 1052 1572 ad
1077 1542 1205 1584 portas
1225 1541 1346 1571 castra
1364 1534 1478 1571 habe-

195 1610 289 1633 mus.
348 1599 542 1635 Conamur
562 1611 657 1647 opus
675 1611 855 1647 magnum
876 1606 912 1635 et
933 1600 1138 1636 multorum
1159 1598 1304 1635 dierum
1325 1604 1478 1646 propter

194 1659 433 1697 altitudinem
455 1661 576 1698 maris.
634 1663 709 1699 Sed
739 1669 866 1699 tamen
890 1661 983 1698 nihil
1007 1669 1063 1699 est
1089 1662 1194 1710 quod
1217 1660 1343 1710 potius
1368 1660 1477 1698 facia-
1498 1674 1536 1696 20

196 1736 289 1760 mus.
347 1725 408 1761 Ab
429 1732 589 1772 utroque
609 1732 738 1773 portus
759 1738 877 1762 cornu
898 1727 1017 1762 moles
1037 1724 1204 1770 iacimus,
1227 1732 1267 1761 ut
1286 1731 1351 1760 aut
1370 1724 1476 1762 illum

195 1800 309 1835 quam
330 1787 492 1835 primum
514 1787 667 1824 traicere
688 1789 793 1836 quod
813 1788 928 1825 habet
958 1787 1135 1825 Brundisi
1155 1787 1350 1836 copiarum
1370 1801 1478 1837 coga-

196 1862 279 1886 mus
299 1857 362 1886 aut
382 1849 481 1886 exitu
503 1850 795 1898 prohibeamus.’

153 1918 178 1945 2
247 1910 322 1947 Vbi
351 1918 406 1947 est
435 1910 497 1948 illa
527 1925 598 1960 pax
631 1913 679 1949 de
710 1926 786 1960 qua
816 1913 957 1949 Balbus
987 1911 1184 1961 scripserat
1213 1911 1377 1960 torqueri
1406 1913 1477 1949 se?

196 1972 346 2020 Ecquid
382 1973 564 2019 acerbius,
605 1974 743 2023 ecquid
784 1975 1004 2012 crudelius?
1076 1977 1203 2023 Atque
1246 1988 1332 2012 eum
1371 1974 1474 2022 loqui
1496 1988 1532 2019 25
1579 2024 1581 2026 Ι

194 2035 349 2083 quidam
387 2037 594 2076 αὐθειιτικῶς
636 2038 810 2075 narrabat
848 2039 918 2076 Cn.
959 2037 1156 2083 Carbonis,
1198 2039 1252 2074 M.
1293 2037 1399 2074 Bruti
1436 2051 1475 2074 se

240 2147 249 2165 1
277 2147 512 2174 CORNELIOQVE
550 2139 719 2169 Petram-lm
758 2139 868 2169 codices
897 2138 1098 2178 Malaspinae
1133 2139 1166 2168 R
1311 2149 1330 2177 3
1356 2139 1396 2169 N.
1430 2138 1478 2169 vel

197 2177 337 2208 Nonium
358 2180 543 2210 Penarclm:
570 2182 638 2211 Cn„
655 2181 737 2211 codd.
828 2192 846 2220 5
870 2181 992 2220 aliquid
1009 2192 1059 2211 rne
1077 2182 1238 2212 conficere
1254 2181 1316 2211 secl.
1341 2180 1476 2211 Vrsinus

190 2224 263 2258 post
289 2232 339 2250 me
368 2223 438 2252 add.
471 2233 568 2261 posse
594 2224 621 2253 L
645 2226 781 2262 (marg)
955 2234 992 2253 10
1016 2224 1175 2262 proficere
1200 2223 1367 2254 ORPM2:
1401 2234 1475 2262 pro-

196 2262 340 2293 ficiscere
358 2263 411 2292 M¹
508 2275 603 2303 posse
620 2267 697 2295 mihi
714 2267 844 2295 viderer
860 2265 1012 2305 Aladw'g:
1038 2275 1165 2305 possem
1184 2266 1285 2295 videri
1305 2264 1472 2297 ORPM2:

195 2314 325 2342 possum
349 2306 460 2335 videre
485 2307 534 2335 Ml
