<?xml version="1.0" encoding="UTF-8"?>
<!DOCTYPE html PUBLIC "-//W3C//DTD XHTML 1.0 Transitional//EN"
    "http://www.w3.org/TR/xhtml1/DTD/xhtml1-transitional.dtd">
<html xmlns="http://www.w3.org/1999/xhtml" xml:lang="en" lang="en">
 <head>
  <title>
</title>
<meta http-equiv="Content-Type" content="text/html;charset=utf-8" />
  <meta name='ocr-system' content='tesseract 3.04.00' />
  <meta name='ocr-capabilities' content='ocr_page ocr_carea ocr_par ocr_line ocrx_word'/>
</head>
<body>
  <div class='ocr_page' id='page_1' title='image "./mtulliciceronise00cice_0115.png"; bbox 0 0 1590 2730; ppageno 0'>
   <div class='ocr_carea' id='block_1_1' title="bbox 526 133 1546 173">
    <p class='ocr_par' dir='ltr' id='par_1_1' title="bbox 526 133 1546 173">
     <span class='ocr_line' id='line_1_1' title="bbox 526 133 1546 173; baseline -0.001 -3"><span class='ocrx_word' id='word_1_1' title='bbox 526 135 634 171; x_wconf 90' lang='lat' dir='ltr'><strong>EPP.</strong></span> <span class='ocrx_word' id='word_1_2' title='bbox 667 136 741 171; x_wconf 88' lang='lat' dir='ltr'>AD</span> <span class='ocrx_word' id='word_1_3' title='bbox 770 136 1022 173; x_wconf 75' lang='lat' dir='ltr'><strong>ATTICVM</strong></span> <span class='ocrx_word' id='word_1_4' title='bbox 1350 137 1418 172; x_wconf 91' lang='lat' dir='ltr'>XI.</span> <span class='ocrx_word' id='word_1_5' title='bbox 1441 133 1546 171; x_wconf 87' lang='lat' dir='ltr'><strong>xxiv</strong></span> 
     </span>
    </p>
   </div>
   <div class='ocr_carea' id='block_1_2' title="bbox 27 239 1452 2062">
    <p class='ocr_par' dir='ltr' id='par_1_2' title="bbox 127 239 1411 479">
     <span class='ocr_line' id='line_1_2' title="bbox 129 239 1409 289; baseline 0.002 -11"><span class='ocrx_word' id='word_1_6' title='bbox 129 241 222 278; x_wconf 85' lang='lat' dir='ltr'>nihil</span> <span class='ocrx_word' id='word_1_7' title='bbox 252 241 451 278; x_wconf 85' lang='lat' dir='ltr'>videbatur</span> <span class='ocrx_word' id='word_1_8' title='bbox 486 239 576 277; x_wconf 82' lang='lat' dir='ltr'>addi</span> <span class='ocrx_word' id='word_1_9' title='bbox 614 253 736 288; x_wconf 85' lang='lat' dir='ltr'>posse,</span> <span class='ocrx_word' id='word_1_10' title='bbox 772 242 877 289; x_wconf 88' lang='lat' dir='ltr'>quod</span> <span class='ocrx_word' id='word_1_11' title='bbox 915 241 1005 278; x_wconf 90' lang='lat' dir='ltr'>mihi</span> <span class='ocrx_word' id='word_1_12' title='bbox 1045 255 1123 279; x_wconf 87' lang='lat' dir='ltr'>non</span> <span class='ocrx_word' id='word_1_13' title='bbox 1157 245 1274 280; x_wconf 89' lang='lat' dir='ltr'>modo</span> <span class='ocrx_word' id='word_1_14' title='bbox 1304 244 1409 281; x_wconf 78' lang='lat' dir='ltr'>irasci</span> 
     </span>
     <span class='ocr_line' id='line_1_3' title="bbox 127 303 1411 355; baseline 0.001 -13"><span class='ocrx_word' id='word_1_15' title='bbox 127 304 345 353; x_wconf 78' lang='lat' dir='ltr'>gravissima</span> <span class='ocrx_word' id='word_1_16' title='bbox 374 303 508 341; x_wconf 83' lang='lat' dir='ltr'>iniuria</span> <span class='ocrx_word' id='word_1_17' title='bbox 540 311 697 352; x_wconf 76' lang='lat' dir='ltr'>accepta</span> <span class='ocrx_word' id='word_1_18' title='bbox 728 305 795 341; x_wconf 83' lang='lat' dir='ltr'>sed</span> <span class='ocrx_word' id='word_1_19' title='bbox 826 318 874 341; x_wconf 82' lang='lat' dir='ltr'>ne</span> <span class='ocrx_word' id='word_1_20' title='bbox 904 306 1034 343; x_wconf 88' lang='lat' dir='ltr'>dolere</span> <span class='ocrx_word' id='word_1_21' title='bbox 1066 306 1222 354; x_wconf 86' lang='lat' dir='ltr'>quidem</span> <span class='ocrx_word' id='word_1_22' title='bbox 1256 307 1411 355; x_wconf 78' lang='lat' dir='ltr'>impune</span> 
     </span>
     <span class='ocr_line' id='line_1_4' title="bbox 128 367 1409 416; baseline 0 -10"><span class='ocrx_word' id='word_1_23' title='bbox 128 369 224 406; x_wconf 86' lang='lat' dir='ltr'>licet.</span> <span class='ocrx_word' id='word_1_24' title='bbox 283 369 371 415; x_wconf 78' lang='lat' dir='ltr'>Qua</span> <span class='ocrx_word' id='word_1_25' title='bbox 390 381 428 404; x_wconf 89' lang='lat' dir='ltr'>re</span> <span class='ocrx_word' id='word_1_26' title='bbox 454 367 550 404; x_wconf 88' lang='lat' dir='ltr'>istuc</span> <span class='ocrx_word' id='word_1_27' title='bbox 570 368 743 404; x_wconf 79' lang='lat' dir='ltr'>feramus.</span> <span class='ocrx_word' id='word_1_28' title='bbox 803 370 920 414; x_wconf 81' lang='lat' dir='ltr'>Quod</span> <span class='ocrx_word' id='word_1_29' title='bbox 941 382 1028 405; x_wconf 90' lang='lat' dir='ltr'>cum</span> <span class='ocrx_word' id='word_1_30' title='bbox 1055 369 1261 416; x_wconf 75' lang='lat' dir='ltr'>tulerimus,</span> <span class='ocrx_word' id='word_1_31' title='bbox 1284 377 1409 407; x_wconf 80' lang='lat' dir='ltr'>tamen</span> 
     </span>
     <span class='ocr_line' id='line_1_5' title="bbox 127 430 1410 479; baseline 0 -10"><span class='ocrx_word' id='word_1_32' title='bbox 127 433 261 469; x_wconf 82' lang='lat' dir='ltr'>eadem</span> <span class='ocrx_word' id='word_1_33' title='bbox 282 438 391 468; x_wconf 86' lang='lat' dir='ltr'>erunt</span> <span class='ocrx_word' id='word_1_34' title='bbox 416 430 664 479; x_wconf 79' lang='lat' dir='ltr'>perpetienda</span> <span class='ocrx_word' id='word_1_35' title='bbox 690 444 788 478; x_wconf 82' lang='lat' dir='ltr'>quae</span> <span class='ocrx_word' id='word_1_36' title='bbox 815 438 854 467; x_wconf 85' lang='lat' dir='ltr'>tu</span> <span class='ocrx_word' id='word_1_37' title='bbox 875 444 923 467; x_wconf 92' lang='lat' dir='ltr'>ne</span> <span class='ocrx_word' id='word_1_38' title='bbox 948 432 1124 468; x_wconf 76' lang='lat' dir='ltr'>accidant</span> <span class='ocrx_word' id='word_1_39' title='bbox 1144 440 1184 469; x_wconf 91' lang='lat' dir='ltr'>ut</span> <span class='ocrx_word' id='word_1_40' title='bbox 1211 446 1410 470; x_wconf 76' lang='lat' dir='ltr'>caveamus</span> 
     </span>
    </p>

    <p class='ocr_par' dir='ltr' id='par_1_3' title="bbox 89 484 1409 607">
     <span class='ocr_line' id='line_1_6' title="bbox 89 484 1409 544; baseline 0.001 -12"><span class='ocrx_word' id='word_1_41' title='bbox 89 508 107 539; x_wconf 78' lang='lat'><strong>5</strong></span> <span class='ocrx_word' id='word_1_42' title='bbox 127 508 269 533; x_wconf 88' lang='lat' dir='ltr'>mones.</span> <span class='ocrx_word' id='word_1_43' title='bbox 329 496 385 531; x_wconf 83' lang='lat' dir='ltr'>Ea</span> <span class='ocrx_word' id='word_1_44' title='bbox 405 484 507 531; x_wconf 82' lang='lat' dir='ltr'>enim</span> <span class='ocrx_word' id='word_1_45' title='bbox 528 501 584 531; x_wconf 89' lang='lat' dir='ltr'>est</span> <span class='ocrx_word' id='word_1_46' title='bbox 603 507 624 530; x_wconf 83' lang='lat' dir='ltr'>a</span> <span class='ocrx_word' id='word_1_47' title='bbox 644 494 755 530; x_wconf 85' lang='lat' dir='ltr'>nobis</span> <span class='ocrx_word' id='word_1_48' title='bbox 777 501 971 531; x_wconf 76' lang='lat' dir='ltr'>contracta</span> <span class='ocrx_word' id='word_1_49' title='bbox 991 497 1102 544; x_wconf 78' lang='lat' dir='ltr'>culpa</span> <span class='ocrx_word' id='word_1_50' title='bbox 1122 501 1165 532; x_wconf 75' lang='lat' dir='ltr'>ut</span> <span class='ocrx_word' id='word_1_51' title='bbox 1188 496 1292 532; x_wconf 93' lang='lat' dir='ltr'>omni</span> <span class='ocrx_word' id='word_1_52' title='bbox 1313 504 1409 534; x_wconf 80' lang='lat' dir='ltr'>statu</span> 
     </span>
     <span class='ocr_line' id='line_1_7' title="bbox 126 556 1030 607; baseline -0.001 -12"><span class='ocrx_word' id='word_1_53' title='bbox 126 558 308 606; x_wconf 90' lang='lat' dir='ltr'>omnique</span> <span class='ocrx_word' id='word_1_54' title='bbox 328 558 472 607; x_wconf 91' lang='lat' dir='ltr'>populo</span> <span class='ocrx_word' id='word_1_55' title='bbox 493 556 634 594; x_wconf 80' lang='lat' dir='ltr'>exitum</span> <span class='ocrx_word' id='word_1_56' title='bbox 655 557 831 594; x_wconf 79' lang='lat' dir='ltr'>habitura</span> <span class='ocrx_word' id='word_1_57' title='bbox 850 557 1030 594; x_wconf 79' lang='lat' dir='ltr'>videatur.</span> 
     </span>
    </p>

    <p class='ocr_par' dir='ltr' id='par_1_4' title="bbox 124 621 1452 795">
     <span class='ocr_line' id='line_1_8' title="bbox 178 621 1452 666; baseline 0.002 -8"><span class='ocrx_word' id='word_1_58' title='bbox 178 622 253 658; x_wconf 87' lang='lat' dir='ltr'>Sed</span> <span class='ocrx_word' id='word_1_59' title='bbox 277 622 326 658; x_wconf 83' lang='lat' dir='ltr'>ad</span> <span class='ocrx_word' id='word_1_60' title='bbox 353 634 477 657; x_wconf 81' lang='lat' dir='ltr'>meam</span> <span class='ocrx_word' id='word_1_61' title='bbox 504 633 660 657; x_wconf 78' lang='lat' dir='ltr'>manum</span> <span class='ocrx_word' id='word_1_62' title='bbox 687 622 813 666; x_wconf 86' lang='lat' dir='ltr'>redeo,</span> <span class='ocrx_word' id='word_1_63' title='bbox 845 629 954 658; x_wconf 86' lang='lat' dir='ltr'>erunt</span> <span class='ocrx_word' id='word_1_64' title='bbox 978 621 1079 658; x_wconf 87' lang='lat' dir='ltr'>enim</span> <span class='ocrx_word' id='word_1_65' title='bbox 1103 623 1196 659; x_wconf 78' lang='lat' dir='ltr'>haec</span> <span class='ocrx_word' id='word_1_66' title='bbox 1226 623 1409 660; x_wconf 79' lang='lat' dir='ltr'>occultius</span> <span class='ocrx_word' id='word_1_67' title='bbox 1429 637 1452 663; x_wconf 87' lang='lat'>2</span> 
     </span>
     <span class='ocr_line' id='line_1_9' title="bbox 124 683 1409 734; baseline 0.001 -12"><span class='ocrx_word' id='word_1_68' title='bbox 124 685 280 733; x_wconf 81' lang='lat' dir='ltr'>agenda.</span> <span class='ocrx_word' id='word_1_69' title='bbox 338 683 448 729; x_wconf 88' lang='lat' dir='ltr'>Vide,</span> <span class='ocrx_word' id='word_1_70' title='bbox 482 696 634 732; x_wconf 77' lang='lat' dir='ltr'>quaeso,</span> <span class='ocrx_word' id='word_1_71' title='bbox 671 683 784 720; x_wconf 79' lang='lat' dir='ltr'>etiam</span> <span class='ocrx_word' id='word_1_72' title='bbox 823 697 925 721; x_wconf 87' lang='lat' dir='ltr'>nunc</span> <span class='ocrx_word' id='word_1_73' title='bbox 955 685 1003 721; x_wconf 86' lang='lat' dir='ltr'>de</span> <span class='ocrx_word' id='word_1_74' title='bbox 1034 692 1274 731; x_wconf 79' lang='lat' dir='ltr'>testamento,</span> <span class='ocrx_word' id='word_1_75' title='bbox 1305 688 1409 734; x_wconf 89' lang='lat' dir='ltr'>quod</span> 
     </span>
     <span class='ocr_line' id='line_1_10' title="bbox 125 746 1410 795; baseline 0.001 -11"><span class='ocrx_word' id='word_1_76' title='bbox 125 755 205 784; x_wconf 90' lang='lat' dir='ltr'>tum</span> <span class='ocrx_word' id='word_1_77' title='bbox 234 748 375 783; x_wconf 80' lang='lat' dir='ltr'>factum</span> <span class='ocrx_word' id='word_1_78' title='bbox 405 759 493 783; x_wconf 91' lang='lat' dir='ltr'>cum</span> <span class='ocrx_word' id='word_1_79' title='bbox 523 746 585 782; x_wconf 80' lang='lat' dir='ltr'>illa</span> <span class='ocrx_word' id='word_1_80' title='bbox 615 750 818 794; x_wconf 69' lang='lat' dir='ltr'>’1⁴querere†</span> <span class='ocrx_word' id='word_1_81' title='bbox 845 754 1031 795; x_wconf 80' lang='lat' dir='ltr'>coeperat.</span> <span class='ocrx_word' id='word_1_82' title='bbox 1090 749 1190 793; x_wconf 83' lang='lat' dir='ltr'>Non,</span> <span class='ocrx_word' id='word_1_83' title='bbox 1220 750 1347 793; x_wconf 82' lang='lat' dir='ltr'>credo,</span> <span class='ocrx_word' id='word_1_84' title='bbox 1374 756 1410 785; x_wconf 91' lang='lat' dir='ltr'>te</span> 
     </span>
    </p>

    <p class='ocr_par' dir='ltr' id='par_1_5' title="bbox 69 809 1408 1110">
     <span class='ocr_line' id='line_1_11' title="bbox 69 809 1408 859; baseline 0.002 -14"><span class='ocrx_word' id='word_1_85' title='bbox 69 824 107 845; x_wconf 89' lang='lat'>10</span> <span class='ocrx_word' id='word_1_86' title='bbox 125 809 331 846; x_wconf 83' lang='lat' dir='ltr'>commovit</span> <span class='ocrx_word' id='word_1_87' title='bbox 350 823 356 850; x_wconf 69' lang='grc' dir='ltr'><strong>ς</strong></span> <span class='ocrx_word' id='word_1_88' title='bbox 383 821 509 857; x_wconf 91' lang='lat' dir='ltr'>neque</span> <span class='ocrx_word' id='word_1_89' title='bbox 529 809 630 846; x_wconf 89' lang='lat' dir='ltr'>enim</span> <span class='ocrx_word' id='word_1_90' title='bbox 658 809 799 857; x_wconf 80' lang='lat' dir='ltr'>rogavit</span> <span class='ocrx_word' id='word_1_91' title='bbox 820 822 868 846; x_wconf 89' lang='lat' dir='ltr'>ne</span> <span class='ocrx_word' id='word_1_92' title='bbox 895 823 956 846; x_wconf 92' lang='lat' dir='ltr'>me</span> <span class='ocrx_word' id='word_1_93' title='bbox 976 809 1142 857; x_wconf 86' lang='lat' dir='ltr'>quidem.</span> <span class='ocrx_word' id='word_1_94' title='bbox 1200 811 1275 847; x_wconf 86' lang='lat' dir='ltr'>Sed</span> <span class='ocrx_word' id='word_1_95' title='bbox 1302 812 1408 859; x_wconf 80' lang='lat' dir='ltr'>quasi</span> 
     </span>
     <span class='ocr_line' id='line_1_12' title="bbox 124 871 1407 921; baseline 0.002 -13"><span class='ocrx_word' id='word_1_96' title='bbox 124 872 175 909; x_wconf 83' lang='lat' dir='ltr'>ita</span> <span class='ocrx_word' id='word_1_97' title='bbox 212 871 267 917; x_wconf 90' lang='lat' dir='ltr'>sit,</span> <span class='ocrx_word' id='word_1_98' title='bbox 309 871 491 919; x_wconf 79' lang='lat' dir='ltr'>quoniam</span> <span class='ocrx_word' id='word_1_99' title='bbox 525 871 562 908; x_wconf 84' lang='lat' dir='ltr'>in</span> <span class='ocrx_word' id='word_1_100' title='bbox 601 885 815 909; x_wconf 85' lang='lat' dir='ltr'>sermonem</span> <span class='ocrx_word' id='word_1_101' title='bbox 854 872 929 909; x_wconf 81' lang='lat' dir='ltr'>iam</span> <span class='ocrx_word' id='word_1_102' title='bbox 963 872 1107 918; x_wconf 86' lang='lat' dir='ltr'>venisti,</span> <span class='ocrx_word' id='word_1_103' title='bbox 1148 874 1287 921; x_wconf 88' lang='lat' dir='ltr'>poteris</span> <span class='ocrx_word' id='word_1_104' title='bbox 1325 888 1407 911; x_wconf 77' lang='lat' dir='ltr'>eam</span> 
     </span>
     <span class='ocr_line' id='line_1_13' title="bbox 124 934 1408 984; baseline 0.002 -13"><span class='ocrx_word' id='word_1_105' title='bbox 124 948 279 971; x_wconf 85' lang='lat' dir='ltr'>monere</span> <span class='ocrx_word' id='word_1_106' title='bbox 312 942 352 971; x_wconf 90' lang='lat' dir='ltr'>ut</span> <span class='ocrx_word' id='word_1_107' title='bbox 381 934 522 983; x_wconf 81' lang='lat' dir='ltr'>aliquoi</span> <span class='ocrx_word' id='word_1_108' title='bbox 552 935 764 971; x_wconf 77' lang='lat' dir='ltr'>committat</span> <span class='ocrx_word' id='word_1_109' title='bbox 793 935 900 972; x_wconf 86' lang='lat' dir='ltr'>cuius</span> <span class='ocrx_word' id='word_1_110' title='bbox 929 943 1031 972; x_wconf 82' lang='lat' dir='ltr'>extra</span> <span class='ocrx_word' id='word_1_111' title='bbox 1059 935 1267 984; x_wconf 88' lang='lat' dir='ltr'>periculum</span> <span class='ocrx_word' id='word_1_112' title='bbox 1298 938 1408 974; x_wconf 82' lang='lat' dir='ltr'>huius</span> 
     </span>
     <span class='ocr_line' id='line_1_14' title="bbox 123 997 1407 1046; baseline 0.002 -12"><span class='ocrx_word' id='word_1_113' title='bbox 123 997 211 1035; x_wconf 91' lang='lat' dir='ltr'>belli</span> <span class='ocrx_word' id='word_1_114' title='bbox 233 999 383 1035; x_wconf 79' lang='lat' dir='ltr'>fortuna</span> <span class='ocrx_word' id='word_1_115' title='bbox 409 998 464 1034; x_wconf 86' lang='lat' dir='ltr'>sit.</span> <span class='ocrx_word' id='word_1_116' title='bbox 524 998 715 1046; x_wconf 79' lang='lat' dir='ltr'>Equidem</span> <span class='ocrx_word' id='word_1_117' title='bbox 745 998 812 1035; x_wconf 87' lang='lat' dir='ltr'>tibi</span> <span class='ocrx_word' id='word_1_118' title='bbox 840 998 1079 1046; x_wconf 89' lang='lat' dir='ltr'>potissimum</span> <span class='ocrx_word' id='word_1_119' title='bbox 1104 1000 1227 1045; x_wconf 77' lang='lat' dir='ltr'>velim,</span> <span class='ocrx_word' id='word_1_120' title='bbox 1250 1000 1279 1037; x_wconf 88' lang='lat' dir='ltr'>si</span> <span class='ocrx_word' id='word_1_121' title='bbox 1306 1001 1407 1038; x_wconf 86' lang='lat' dir='ltr'>idem</span> 
     </span>
     <span class='ocr_line' id='line_1_15' title="bbox 122 1060 1404 1110; baseline 0.003 -13"><span class='ocrx_word' id='word_1_122' title='bbox 122 1060 184 1097; x_wconf 80' lang='lat' dir='ltr'>illa</span> <span class='ocrx_word' id='word_1_123' title='bbox 212 1063 333 1098; x_wconf 92' lang='lat' dir='ltr'>vellet.</span> <span class='ocrx_word' id='word_1_124' title='bbox 394 1062 520 1108; x_wconf 81' lang='lat' dir='ltr'>Quam</span> <span class='ocrx_word' id='word_1_125' title='bbox 555 1061 711 1110; x_wconf 88' lang='lat' dir='ltr'>quidem</span> <span class='ocrx_word' id='word_1_126' title='bbox 742 1064 824 1098; x_wconf 92' lang='lat' dir='ltr'>celo</span> <span class='ocrx_word' id='word_1_127' title='bbox 859 1062 1033 1099; x_wconf 76' lang='lat' dir='ltr'>miseram</span> <span class='ocrx_word' id='word_1_128' title='bbox 1066 1076 1126 1099; x_wconf 91' lang='lat' dir='ltr'>me</span> <span class='ocrx_word' id='word_1_129' title='bbox 1157 1064 1230 1100; x_wconf 89' lang='lat' dir='ltr'>hoc</span> <span class='ocrx_word' id='word_1_130' title='bbox 1264 1063 1404 1101; x_wconf 84' lang='lat' dir='ltr'>timere.</span> 
     </span>
    </p>

    <p class='ocr_par' dir='ltr' id='par_1_6' title="bbox 67 1125 1449 1429">
     <span class='ocr_line' id='line_1_16' title="bbox 67 1125 1407 1175; baseline 0.002 -14"><span class='ocrx_word' id='word_1_131' title='bbox 67 1138 103 1170; x_wconf 86' lang='lat'>15</span> <span class='ocrx_word' id='word_1_132' title='bbox 125 1126 184 1162; x_wconf 92' lang='lat' dir='ltr'>De</span> <span class='ocrx_word' id='word_1_133' title='bbox 221 1125 285 1162; x_wconf 92' lang='lat' dir='ltr'>illo</span> <span class='ocrx_word' id='word_1_134' title='bbox 323 1127 440 1162; x_wconf 81' lang='lat' dir='ltr'>altero</span> <span class='ocrx_word' id='word_1_135' title='bbox 474 1125 553 1162; x_wconf 85' lang='lat' dir='ltr'>scio</span> <span class='ocrx_word' id='word_1_136' title='bbox 591 1125 770 1173; x_wconf 78' lang='lat' dir='ltr'>equidem</span> <span class='ocrx_word' id='word_1_137' title='bbox 808 1126 935 1163; x_wconf 86' lang='lat' dir='ltr'>venire</span> <span class='ocrx_word' id='word_1_138' title='bbox 973 1139 1075 1163; x_wconf 90' lang='lat' dir='ltr'>nunc</span> <span class='ocrx_word' id='word_1_139' title='bbox 1109 1126 1160 1163; x_wconf 88' lang='lat' dir='ltr'>nil</span> <span class='ocrx_word' id='word_1_140' title='bbox 1198 1140 1309 1175; x_wconf 88' lang='lat' dir='ltr'>posse</span> <span class='ocrx_word' id='word_1_141' title='bbox 1341 1129 1407 1164; x_wconf 89' lang='lat' dir='ltr'>sed</span> 
     </span>
     <span class='ocr_line' id='line_1_17' title="bbox 122 1188 1407 1239; baseline 0.003 -14"><span class='ocrx_word' id='word_1_142' title='bbox 122 1188 254 1236; x_wconf 86' lang='lat' dir='ltr'>seponi</span> <span class='ocrx_word' id='word_1_143' title='bbox 276 1195 312 1226; x_wconf 91' lang='lat' dir='ltr'>et</span> <span class='ocrx_word' id='word_1_144' title='bbox 342 1188 522 1225; x_wconf 77' lang='lat' dir='ltr'>occultari</span> <span class='ocrx_word' id='word_1_145' title='bbox 543 1196 702 1237; x_wconf 80' lang='lat' dir='ltr'>possunt</span> <span class='ocrx_word' id='word_1_146' title='bbox 729 1196 769 1225; x_wconf 92' lang='lat' dir='ltr'>ut</span> <span class='ocrx_word' id='word_1_147' title='bbox 792 1196 894 1226; x_wconf 77' lang='lat' dir='ltr'>extra</span> <span class='ocrx_word' id='word_1_148' title='bbox 923 1189 1070 1226; x_wconf 80' lang='lat' dir='ltr'>ruinam</span> <span class='ocrx_word' id='word_1_149' title='bbox 1097 1189 1170 1226; x_wconf 85' lang='lat' dir='ltr'>sint</span> <span class='ocrx_word' id='word_1_150' title='bbox 1200 1204 1282 1227; x_wconf 84' lang='lat' dir='ltr'>eam</span> <span class='ocrx_word' id='word_1_151' title='bbox 1310 1204 1407 1239; x_wconf 79' lang='lat' dir='ltr'>quae</span> 
     </span>
     <span class='ocr_line' id='line_1_18' title="bbox 122 1251 1449 1300; baseline 0.004 -13"><span class='ocrx_word' id='word_1_152' title='bbox 122 1251 326 1300; x_wconf 89' lang='lat' dir='ltr'>impendet.</span> <span class='ocrx_word' id='word_1_153' title='bbox 379 1253 479 1288; x_wconf 82' lang='lat' dir='ltr'>Nam</span> <span class='ocrx_word' id='word_1_154' title='bbox 497 1253 601 1300; x_wconf 93' lang='lat' dir='ltr'>quod</span> <span class='ocrx_word' id='word_1_155' title='bbox 618 1252 748 1289; x_wconf 83' lang='lat' dir='ltr'>scribis</span> <span class='ocrx_word' id='word_1_156' title='bbox 765 1252 875 1289; x_wconf 84' lang='lat' dir='ltr'>nobis</span> <span class='ocrx_word' id='word_1_157' title='bbox 889 1260 1017 1290; x_wconf 79' lang='lat' dir='ltr'>nostra</span> <span class='ocrx_word' id='word_1_158' title='bbox 1029 1261 1065 1289; x_wconf 92' lang='lat' dir='ltr'>et</span> <span class='ocrx_word' id='word_1_159' title='bbox 1079 1261 1141 1290; x_wconf 75' lang='lat' dir='ltr'>tua</span> <span class='ocrx_word' id='word_1_160' title='bbox 1158 1262 1193 1291; x_wconf 90' lang='lat' dir='ltr'>et</span> <span class='ocrx_word' id='word_1_161' title='bbox 1207 1255 1407 1292; x_wconf 77' lang='lat' dir='ltr'>Terentiae</span> <span class='ocrx_word' id='word_1_162' title='bbox 1427 1264 1449 1299; x_wconf 88' lang='lat'><strong>3</strong></span> 
     </span>
     <span class='ocr_line' id='line_1_19' title="bbox 121 1315 1408 1364; baseline 0.003 -13"><span class='ocrx_word' id='word_1_163' title='bbox 121 1315 199 1352; x_wconf 88' lang='lat' dir='ltr'>fore</span> <span class='ocrx_word' id='word_1_164' title='bbox 237 1322 377 1363; x_wconf 76' lang='lat' dir='ltr'>parata,</span> <span class='ocrx_word' id='word_1_165' title='bbox 416 1322 481 1351; x_wconf 83' lang='lat' dir='ltr'>tua</span> <span class='ocrx_word' id='word_1_166' title='bbox 518 1316 644 1360; x_wconf 87' lang='lat' dir='ltr'>credo,</span> <span class='ocrx_word' id='word_1_167' title='bbox 684 1322 812 1352; x_wconf 79' lang='lat' dir='ltr'>nostra</span> <span class='ocrx_word' id='word_1_168' title='bbox 842 1329 939 1364; x_wconf 78' lang='lat' dir='ltr'>quae</span> <span class='ocrx_word' id='word_1_169' title='bbox 972 1324 1148 1364; x_wconf 87' lang='lat' dir='ltr'>poterunt</span> <span class='ocrx_word' id='word_1_170' title='bbox 1182 1320 1292 1355; x_wconf 86' lang='lat' dir='ltr'>esse?</span> <span class='ocrx_word' id='word_1_171' title='bbox 1348 1320 1408 1355; x_wconf 92' lang='lat' dir='ltr'>De</span> 
     </span>
     <span class='ocr_line' id='line_1_20' title="bbox 121 1377 1407 1429; baseline 0.003 -15"><span class='ocrx_word' id='word_1_172' title='bbox 121 1377 299 1415; x_wconf 81' lang='lat' dir='ltr'>Terentia</span> <span class='ocrx_word' id='word_1_173' title='bbox 319 1385 445 1415; x_wconf 81' lang='lat' dir='ltr'>autem</span> <span class='ocrx_word' id='word_1_174' title='bbox 469 1378 595 1427; x_wconf 87' lang='lat' dir='ltr'>(mitto</span> <span class='ocrx_word' id='word_1_175' title='bbox 616 1386 740 1415; x_wconf 80' lang='lat' dir='ltr'>cetera</span> <span class='ocrx_word' id='word_1_176' title='bbox 763 1392 860 1427; x_wconf 80' lang='lat' dir='ltr'>quae</span> <span class='ocrx_word' id='word_1_177' title='bbox 881 1386 967 1416; x_wconf 89' lang='lat' dir='ltr'>sunt</span> <span class='ocrx_word' id='word_1_178' title='bbox 988 1379 1293 1429; x_wconf 78' lang='lat' dir='ltr'>innumerabilia)</span> <span class='ocrx_word' id='word_1_179' title='bbox 1315 1381 1407 1429; x_wconf 90' lang='lat' dir='ltr'>quid</span> 
     </span>
    </p>

    <p class='ocr_par' dir='ltr' id='par_1_7' title="bbox 27 1431 1407 1680">
     <span class='ocr_line' id='line_1_21' title="bbox 27 1431 1407 1492; baseline 0.003 -16"><span class='ocrx_word' id='word_1_180' title='bbox 27 1431 30 1434; x_wconf 42' lang='grc'>’</span> <span class='ocrx_word' id='word_1_181' title='bbox 64 1455 102 1476; x_wconf 83' lang='lat'>20</span> <span class='ocrx_word' id='word_1_182' title='bbox 120 1442 168 1478; x_wconf 81' lang='lat' dir='ltr'>ad</span> <span class='ocrx_word' id='word_1_183' title='bbox 200 1442 273 1478; x_wconf 90' lang='lat' dir='ltr'>hoc</span> <span class='ocrx_word' id='word_1_184' title='bbox 301 1441 392 1478; x_wconf 80' lang='lat' dir='ltr'>addi</span> <span class='ocrx_word' id='word_1_185' title='bbox 426 1444 579 1490; x_wconf 86' lang='lat' dir='ltr'>potest?</span> <span class='ocrx_word' id='word_1_186' title='bbox 634 1441 842 1490; x_wconf 79' lang='lat' dir='ltr'>Scripseras</span> <span class='ocrx_word' id='word_1_187' title='bbox 871 1450 911 1479; x_wconf 91' lang='lat' dir='ltr'>ut</span> <span class='ocrx_word' id='word_1_188' title='bbox 943 1444 1009 1479; x_wconf 86' lang='lat' dir='ltr'>HS</span> <span class='ocrx_word' id='word_1_189' title='bbox 1039 1447 1099 1479; x_wconf 51' lang='lat' dir='ltr'>&gt;W</span> <span class='ocrx_word' id='word_1_190' title='bbox 1129 1451 1407 1492; x_wconf 77' lang='lat' dir='ltr'>permutarem3</span> 
     </span>
     <span class='ocr_line' id='line_1_22' title="bbox 120 1505 1405 1554; baseline 0.002 -13"><span class='ocrx_word' id='word_1_191' title='bbox 120 1512 266 1541; x_wconf 82' lang='lat' dir='ltr'>tantum</span> <span class='ocrx_word' id='word_1_192' title='bbox 288 1518 370 1542; x_wconf 87' lang='lat' dir='ltr'>esse</span> <span class='ocrx_word' id='word_1_193' title='bbox 396 1505 582 1554; x_wconf 88' lang='lat' dir='ltr'>reliquum</span> <span class='ocrx_word' id='word_1_194' title='bbox 611 1507 659 1543; x_wconf 93' lang='lat' dir='ltr'>de</span> <span class='ocrx_word' id='word_1_195' title='bbox 685 1514 851 1554; x_wconf 83' lang='lat' dir='ltr'>argento.</span> <span class='ocrx_word' id='word_1_196' title='bbox 910 1506 1016 1543; x_wconf 81' lang='lat' dir='ltr'>Misit</span> <span class='ocrx_word' id='word_1_197' title='bbox 1036 1506 1098 1543; x_wconf 77' lang='lat' dir='ltr'>illa</span> <span class='ocrx_word' id='word_1_198' title='bbox 1123 1518 1237 1544; x_wconf 69' lang='lat' dir='ltr'>ccmo</span> <span class='ocrx_word' id='word_1_199' title='bbox 1257 1508 1348 1544; x_wconf 91' lang='lat' dir='ltr'>mihi</span> <span class='ocrx_word' id='word_1_200' title='bbox 1370 1516 1405 1545; x_wconf 91' lang='lat' dir='ltr'>et</span> 
     </span>
     <span class='ocr_line' id='line_1_23' title="bbox 118 1567 1405 1619; baseline 0.003 -15"><span class='ocrx_word' id='word_1_201' title='bbox 118 1567 318 1616; x_wconf 82' lang='lat' dir='ltr'>adscripsit</span> <span class='ocrx_word' id='word_1_202' title='bbox 338 1576 486 1605; x_wconf 83' lang='lat' dir='ltr'>tantum</span> <span class='ocrx_word' id='word_1_203' title='bbox 508 1582 589 1606; x_wconf 87' lang='lat' dir='ltr'>esse</span> <span class='ocrx_word' id='word_1_204' title='bbox 610 1569 807 1617; x_wconf 88' lang='lat' dir='ltr'>reliquum.</span> <span class='ocrx_word' id='word_1_205' title='bbox 867 1570 965 1607; x_wconf 91' lang='lat' dir='ltr'>Cum</span> <span class='ocrx_word' id='word_1_206' title='bbox 986 1571 1060 1607; x_wconf 91' lang='lat' dir='ltr'>hoc</span> <span class='ocrx_word' id='word_1_207' title='bbox 1080 1577 1156 1607; x_wconf 78' lang='lat' dir='ltr'>tam</span> <span class='ocrx_word' id='word_1_208' title='bbox 1181 1584 1336 1619; x_wconf 80' lang='lat' dir='ltr'>parvum</span> <span class='ocrx_word' id='word_1_209' title='bbox 1357 1573 1405 1609; x_wconf 86' lang='lat' dir='ltr'>de</span> 
     </span>
     <span class='ocr_line' id='line_1_24' title="bbox 119 1632 1241 1680; baseline 0.002 -12"><span class='ocrx_word' id='word_1_210' title='bbox 119 1644 235 1679; x_wconf 84' lang='lat' dir='ltr'>parvo</span> <span class='ocrx_word' id='word_1_211' title='bbox 256 1632 466 1677; x_wconf 81' lang='lat' dir='ltr'>detraxerit,</span> <span class='ocrx_word' id='word_1_212' title='bbox 489 1632 670 1680; x_wconf 85' lang='lat' dir='ltr'>perspicis</span> <span class='ocrx_word' id='word_1_213' title='bbox 691 1632 783 1680; x_wconf 89' lang='lat' dir='ltr'>quid</span> <span class='ocrx_word' id='word_1_214' title='bbox 805 1632 842 1669; x_wconf 92' lang='lat' dir='ltr'>in</span> <span class='ocrx_word' id='word_1_215' title='bbox 863 1633 1026 1670; x_wconf 78' lang='lat' dir='ltr'>maxima</span> <span class='ocrx_word' id='word_1_216' title='bbox 1045 1646 1083 1670; x_wconf 94' lang='lat' dir='ltr'>re</span> <span class='ocrx_word' id='word_1_217' title='bbox 1103 1634 1241 1670; x_wconf 88' lang='lat' dir='ltr'>fecerit.</span> 
     </span>
    </p>

    <p class='ocr_par' dir='ltr' id='par_1_8' title="bbox 174 1694 1446 1746">
     <span class='ocr_line' id='line_1_25' title="bbox 174 1694 1446 1746; baseline 0.004 -16"><span class='ocrx_word' id='word_1_218' title='bbox 174 1694 400 1732; x_wconf 86' lang='lat' dir='ltr'>Philotimus</span> <span class='ocrx_word' id='word_1_219' title='bbox 433 1708 510 1732; x_wconf 92' lang='lat' dir='ltr'>non</span> <span class='ocrx_word' id='word_1_220' title='bbox 545 1697 662 1732; x_wconf 91' lang='lat' dir='ltr'>modo</span> <span class='ocrx_word' id='word_1_221' title='bbox 696 1697 820 1733; x_wconf 87' lang='lat' dir='ltr'>nullus</span> <span class='ocrx_word' id='word_1_222' title='bbox 851 1696 953 1734; x_wconf 83' lang='lat' dir='ltr'>venit</span> <span class='ocrx_word' id='word_1_223' title='bbox 991 1698 1057 1733; x_wconf 90' lang='lat' dir='ltr'>sed</span> <span class='ocrx_word' id='word_1_224' title='bbox 1090 1710 1138 1733; x_wconf 90' lang='lat' dir='ltr'>ne</span> <span class='ocrx_word' id='word_1_225' title='bbox 1166 1710 1231 1745; x_wconf 91' lang='lat' dir='ltr'>per</span> <span class='ocrx_word' id='word_1_226' title='bbox 1264 1697 1446 1746; x_wconf 77' lang='lat' dir='ltr'>litteras4</span> 
     </span>
    </p>

    <p class='ocr_par' dir='ltr' id='par_1_9' title="bbox 62 1757 1402 2062">
     <span class='ocr_line' id='line_1_26' title="bbox 62 1757 1400 1809; baseline 0.004 -17"><span class='ocrx_word' id='word_1_227' title='bbox 62 1772 99 1802; x_wconf 88' lang='lat'>25</span> <span class='ocrx_word' id='word_1_228' title='bbox 121 1757 277 1805; x_wconf 90' lang='lat' dir='ltr'>quidem</span> <span class='ocrx_word' id='word_1_229' title='bbox 307 1766 371 1795; x_wconf 77' lang='lat' dir='ltr'>aut</span> <span class='ocrx_word' id='word_1_230' title='bbox 409 1771 474 1806; x_wconf 90' lang='lat' dir='ltr'>per</span> <span class='ocrx_word' id='word_1_231' title='bbox 506 1759 682 1795; x_wconf 89' lang='lat' dir='ltr'>nuntium</span> <span class='ocrx_word' id='word_1_232' title='bbox 713 1759 910 1797; x_wconf 87' lang='lat' dir='ltr'>certiorem</span> <span class='ocrx_word' id='word_1_233' title='bbox 944 1759 1032 1796; x_wconf 82' lang='lat' dir='ltr'>facit</span> <span class='ocrx_word' id='word_1_234' title='bbox 1061 1773 1121 1797; x_wconf 85' lang='lat' dir='ltr'>me</span> <span class='ocrx_word' id='word_1_235' title='bbox 1155 1760 1246 1808; x_wconf 88' lang='lat' dir='ltr'>quid</span> <span class='ocrx_word' id='word_1_236' title='bbox 1276 1761 1400 1809; x_wconf 82' lang='lat' dir='ltr'>egerit.</span> 
     </span>
     <span class='ocr_line' id='line_1_27' title="bbox 122 1821 1402 1869; baseline 0.002 -12"><span class='ocrx_word' id='word_1_237' title='bbox 122 1821 276 1869; x_wconf 85' lang='lat' dir='ltr'>Epheso</span> <span class='ocrx_word' id='word_1_238' title='bbox 297 1821 361 1869; x_wconf 89' lang='lat' dir='ltr'>qui</span> <span class='ocrx_word' id='word_1_239' title='bbox 382 1821 539 1858; x_wconf 82' lang='lat' dir='ltr'>veniunt</span> <span class='ocrx_word' id='word_1_240' title='bbox 568 1822 619 1859; x_wconf 87' lang='lat' dir='ltr'>ibi</span> <span class='ocrx_word' id='word_1_241' title='bbox 640 1835 679 1859; x_wconf 88' lang='lat' dir='ltr'>se</span> <span class='ocrx_word' id='word_1_242' title='bbox 709 1836 795 1859; x_wconf 91' lang='lat' dir='ltr'>eum</span> <span class='ocrx_word' id='word_1_243' title='bbox 817 1824 865 1859; x_wconf 86' lang='lat' dir='ltr'>de</span> <span class='ocrx_word' id='word_1_244' title='bbox 890 1823 966 1860; x_wconf 88' lang='lat' dir='ltr'>suis</span> <span class='ocrx_word' id='word_1_245' title='bbox 995 1824 1257 1860; x_wconf 77' lang='lat' dir='ltr'>controversiis</span> <span class='ocrx_word' id='word_1_246' title='bbox 1285 1824 1320 1860; x_wconf 90' lang='lat' dir='ltr'>in</span> <span class='ocrx_word' id='word_1_247' title='bbox 1346 1824 1402 1861; x_wconf 88' lang='lat' dir='ltr'>ius</span> 
     </span>
     <span class='ocr_line' id='line_1_28' title="bbox 117 1884 1402 1935; baseline 0.002 -15"><span class='ocrx_word' id='word_1_248' title='bbox 117 1885 322 1921; x_wconf 83' lang='lat' dir='ltr'>adeuntem</span> <span class='ocrx_word' id='word_1_249' title='bbox 356 1884 495 1922; x_wconf 88' lang='lat' dir='ltr'>vidisse</span> <span class='ocrx_word' id='word_1_250' title='bbox 526 1885 724 1930; x_wconf 80' lang='lat' dir='ltr'>nuntiant3</span> <span class='ocrx_word' id='word_1_251' title='bbox 768 1900 865 1934; x_wconf 77' lang='lat' dir='ltr'>quae</span> <span class='ocrx_word' id='word_1_252' title='bbox 903 1886 1058 1934; x_wconf 88' lang='lat' dir='ltr'>quidem</span> <span class='ocrx_word' id='word_1_253' title='bbox 1093 1886 1159 1935; x_wconf 82' lang='lat' dir='ltr'>(ita</span> <span class='ocrx_word' id='word_1_254' title='bbox 1191 1886 1292 1923; x_wconf 88' lang='lat' dir='ltr'>enim</span> <span class='ocrx_word' id='word_1_255' title='bbox 1326 1887 1402 1924; x_wconf 82' lang='lat' dir='ltr'>veri</span> 
     </span>
     <span class='ocr_line' id='line_1_29' title="bbox 117 1946 1401 1996; baseline 0.005 -14"><span class='ocrx_word' id='word_1_256' title='bbox 117 1946 238 1984; x_wconf 83' lang='lat' dir='ltr'>simile</span> <span class='ocrx_word' id='word_1_257' title='bbox 270 1947 342 1996; x_wconf 80' lang='lat' dir='ltr'>est)</span> <span class='ocrx_word' id='word_1_258' title='bbox 373 1947 411 1984; x_wconf 91' lang='lat' dir='ltr'>in</span> <span class='ocrx_word' id='word_1_259' title='bbox 444 1949 650 1985; x_wconf 82' lang='lat' dir='ltr'>adventum</span> <span class='ocrx_word' id='word_1_260' title='bbox 684 1949 856 1987; x_wconf 79' lang='lat' dir='ltr'>Caesaris</span> <span class='ocrx_word' id='word_1_261' title='bbox 886 1951 1042 1987; x_wconf 81' lang='lat' dir='ltr'>fortasse</span> <span class='ocrx_word' id='word_1_262' title='bbox 1071 1949 1283 1987; x_wconf 84' lang='lat' dir='ltr'>reiciuntur.</span> <span class='ocrx_word' id='word_1_263' title='bbox 1343 1952 1401 1988; x_wconf 78' lang='lat' dir='ltr'>Ita</span> 
     </span>
     <span class='ocr_line' id='line_1_30' title="bbox 117 2009 1399 2062; baseline 0.005 -16"><span class='ocrx_word' id='word_1_264' title='bbox 117 2016 180 2046; x_wconf 85' lang='lat' dir='ltr'>aut</span> <span class='ocrx_word' id='word_1_265' title='bbox 200 2009 293 2046; x_wconf 89' lang='lat' dir='ltr'>nihil</span> <span class='ocrx_word' id='word_1_266' title='bbox 322 2018 415 2058; x_wconf 89' lang='lat' dir='ltr'>puto</span> <span class='ocrx_word' id='word_1_267' title='bbox 436 2024 523 2048; x_wconf 89' lang='lat' dir='ltr'>eum</span> <span class='ocrx_word' id='word_1_268' title='bbox 554 2012 693 2049; x_wconf 80' lang='lat' dir='ltr'>habere</span> <span class='ocrx_word' id='word_1_269' title='bbox 717 2013 822 2060; x_wconf 93' lang='lat' dir='ltr'>quod</span> <span class='ocrx_word' id='word_1_270' title='bbox 851 2020 957 2061; x_wconf 87' lang='lat' dir='ltr'>putet</span> <span class='ocrx_word' id='word_1_271' title='bbox 977 2014 1025 2050; x_wconf 77' lang='lat' dir='ltr'>ad</span> <span class='ocrx_word' id='word_1_272' title='bbox 1055 2026 1115 2050; x_wconf 90' lang='lat' dir='ltr'>me</span> <span class='ocrx_word' id='word_1_273' title='bbox 1142 2013 1297 2051; x_wconf 84' lang='lat' dir='ltr'>celerius</span> <span class='ocrx_word' id='word_1_274' title='bbox 1322 2027 1399 2062; x_wconf 88' lang='lat' dir='ltr'>per-</span> 
     </span>
    </p>
   </div>
   <div class='ocr_carea' id='block_1_3' title="bbox 114 2110 1400 2362">
    <p class='ocr_par' dir='ltr' id='par_1_10' title="bbox 114 2110 1400 2362">
     <span class='ocr_line' id='line_1_31' title="bbox 157 2110 1399 2152; baseline 0.003 -13"><span class='ocrx_word' id='word_1_275' title='bbox 157 2119 175 2147; x_wconf 86' lang='lat'>5</span> <span class='ocrx_word' id='word_1_276' title='bbox 200 2110 324 2145; x_wconf 73' lang='lat' dir='ltr'>utadd.</span> <span class='ocrx_word' id='word_1_277' title='bbox 345 2114 412 2141; x_wconf 83' lang='lat' dir='ltr'>velt.</span> <span class='ocrx_word' id='word_1_278' title='bbox 538 2113 557 2140; x_wconf 88' lang='lat'><strong>6</strong></span> <span class='ocrx_word' id='word_1_279' title='bbox 582 2112 717 2151; x_wconf 79' lang='lat' dir='ltr'>populo]</span> <span class='ocrx_word' id='word_1_280' title='bbox 727 2113 804 2150; x_wconf 74' lang='lat' dir='ltr'>fort.</span> <span class='ocrx_word' id='word_1_281' title='bbox 826 2123 848 2142; x_wconf 92' lang='lat' dir='ltr'>r.</span> <span class='ocrx_word' id='word_1_282' title='bbox 867 2123 896 2151; x_wconf 90' lang='lat' dir='ltr'>p.</span> <span class='ocrx_word' id='word_1_283' title='bbox 917 2113 1014 2142; x_wconf 82' lang='lat' dir='ltr'>talem</span> <span class='ocrx_word' id='word_1_284' title='bbox 1135 2125 1150 2152; x_wconf 92' lang='lat'><strong>7</strong></span> <span class='ocrx_word' id='word_1_285' title='bbox 1176 2114 1283 2151; x_wconf 73' lang='lat' dir='ltr'>redeo,</span> <span class='ocrx_word' id='word_1_286' title='bbox 1304 2119 1399 2144; x_wconf 88' lang='lat' dir='ltr'>erunt</span> 
     </span>
     <span class='ocr_line' id='line_1_32' title="bbox 119 2151 1400 2193; baseline 0.003 -12"><span class='ocrx_word' id='word_1_287' title='bbox 119 2151 318 2192; x_wconf 59' lang='lat' dir='ltr'>I&#39;Vesenbmg:</span> <span class='ocrx_word' id='word_1_288' title='bbox 345 2154 546 2183; x_wconf 84' lang='lat' dir='ltr'>reddiderint</span> <span class='ocrx_word' id='word_1_289' title='bbox 564 2154 622 2184; x_wconf 87' lang='lat' dir='ltr'>M:</span> <span class='ocrx_word' id='word_1_290' title='bbox 646 2155 728 2184; x_wconf 89' lang='lat' dir='ltr'>redii</span> <span class='ocrx_word' id='word_1_291' title='bbox 744 2166 750 2192; x_wconf 68' lang='grc' dir='ltr'><strong><em>ς</em></strong></span> <span class='ocrx_word' id='word_1_292' title='bbox 775 2160 871 2184; x_wconf 82' lang='lat' dir='ltr'>erunt</span> <span class='ocrx_word' id='word_1_293' title='bbox 888 2155 984 2184; x_wconf 64' lang='lat' dir='ltr'>Klotz</span> <span class='ocrx_word' id='word_1_294' title='bbox 1101 2166 1121 2193; x_wconf 90' lang='lat'><strong>9</strong></span> <span class='ocrx_word' id='word_1_295' title='bbox 1144 2157 1281 2185; x_wconf 83' lang='lat' dir='ltr'>haerere</span> <span class='ocrx_word' id='word_1_296' title='bbox 1296 2155 1378 2185; x_wconf 81' lang='lat' dir='ltr'>Pius</span> <span class='ocrx_word' id='word_1_297' title='bbox 1393 2167 1400 2186; x_wconf 72' lang='grc' dir='ltr'><strong><em>ε</em></strong></span> 
     </span>
     <span class='ocr_line' id='line_1_33' title="bbox 115 2195 1395 2236; baseline 0.005 -13"><span class='ocrx_word' id='word_1_298' title='bbox 115 2195 207 2232; x_wconf 90' lang='lat' dir='ltr'>queri</span> <span class='ocrx_word' id='word_1_299' title='bbox 222 2196 262 2224; x_wconf 91' lang='lat' dir='ltr'>de</span> <span class='ocrx_word' id='word_1_300' title='bbox 273 2205 323 2224; x_wconf 87' lang='lat' dir='ltr'>me</span> <span class='ocrx_word' id='word_1_301' title='bbox 337 2196 413 2225; x_wconf 87' lang='lat' dir='ltr'>com&#39;.</span> <span class='ocrx_word' id='word_1_302' title='bbox 430 2195 566 2226; x_wconf 70' lang='lat' dir='ltr'>Mic&#39;ller:</span> <span class='ocrx_word' id='word_1_303' title='bbox 592 2207 686 2226; x_wconf 87' lang='lat' dir='ltr'>ruere</span> <span class='ocrx_word' id='word_1_304' title='bbox 700 2197 864 2226; x_wconf 74' lang='lat' dir='ltr'>Sclnm&#39;dt:</span> <span class='ocrx_word' id='word_1_305' title='bbox 881 2197 959 2235; x_wconf 81' lang='lat' dir='ltr'>sort.</span> <span class='ocrx_word' id='word_1_306' title='bbox 973 2208 1131 2235; x_wconf 83' lang='lat' dir='ltr'>quaerere</span> <span class='ocrx_word' id='word_1_307' title='bbox 1148 2199 1185 2236; x_wconf 86' lang='lat' dir='ltr'>cf.</span> <span class='ocrx_word' id='word_1_308' title='bbox 1202 2198 1283 2228; x_wconf 82' lang='lat' dir='ltr'>Hor.</span> <span class='ocrx_word' id='word_1_309' title='bbox 1300 2199 1342 2230; x_wconf 84' lang='lat' dir='ltr'>A.</span> <span class='ocrx_word' id='word_1_310' title='bbox 1358 2199 1395 2230; x_wconf 85' lang='lat' dir='ltr'>P.</span> 
     </span>
     <span class='ocr_line' id='line_1_34' title="bbox 118 2237 1397 2278; baseline 0.004 -13"><span class='ocrx_word' id='word_1_311' title='bbox 118 2246 175 2273; x_wconf 85' lang='lat'>170</span> <span class='ocrx_word' id='word_1_312' title='bbox 198 2260 203 2263; x_wconf 95' lang='lat'>.</span> <span class='ocrx_word' id='word_1_313' title='bbox 272 2248 307 2275; x_wconf 85' lang='lat'>14</span> <span class='ocrx_word' id='word_1_314' title='bbox 331 2238 407 2267; x_wconf 83' lang='lat' dir='ltr'>velit</span> <span class='ocrx_word' id='word_1_315' title='bbox 424 2237 608 2278; x_wconf 60' lang='lat' dir='ltr'>[Wesenberg</span> <span class='ocrx_word' id='word_1_316' title='bbox 724 2249 758 2276; x_wconf 89' lang='lat'>17</span> <span class='ocrx_word' id='word_1_317' title='bbox 785 2240 878 2268; x_wconf 89' lang='lat' dir='ltr'>nobis</span> <span class='ocrx_word' id='word_1_318' title='bbox 894 2250 956 2269; x_wconf 83' lang='lat' dir='ltr'>om.</span> <span class='ocrx_word' id='word_1_319' title='bbox 971 2240 1143 2269; x_wconf 75' lang='lat' dir='ltr'>Ascensins</span> <span class='ocrx_word' id='word_1_320' title='bbox 1228 2245 1259 2269; x_wconf 87' lang='lat' dir='ltr'>et</span> <span class='ocrx_word' id='word_1_321' title='bbox 1275 2241 1397 2270; x_wconf 84' lang='lat' dir='ltr'>Teren-</span> 
     </span>
     <span class='ocr_line' id='line_1_35' title="bbox 114 2278 1396 2321; baseline 0.004 -14"><span class='ocrx_word' id='word_1_322' title='bbox 114 2279 177 2307; x_wconf 86' lang='lat' dir='ltr'>tiae</span> <span class='ocrx_word' id='word_1_323' title='bbox 197 2278 362 2309; x_wconf 42' lang='lat' dir='ltr'>Sclmfu&#39;dt:</span> <span class='ocrx_word' id='word_1_324' title='bbox 386 2281 526 2310; x_wconf 86' lang='lat' dir='ltr'>terentie</span> <span class='ocrx_word' id='word_1_325' title='bbox 542 2280 647 2311; x_wconf 61' lang='lat' dir='ltr'>codd:</span> <span class='ocrx_word' id='word_1_326' title='bbox 673 2281 798 2310; x_wconf 80' lang='lat' dir='ltr'>Tulliae</span> <span class='ocrx_word' id='word_1_327' title='bbox 817 2282 842 2310; x_wconf 89' lang='lat' dir='ltr'><em>L</em></span> <span class='ocrx_word' id='word_1_328' title='bbox 861 2290 998 2321; x_wconf 46' lang='lat' dir='ltr'>inaug.)</span> <span class='ocrx_word' id='word_1_329' title='bbox 1115 2293 1155 2311; x_wconf 89' lang='lat'>20</span> <span class='ocrx_word' id='word_1_330' title='bbox 1178 2288 1396 2320; x_wconf 80' lang='lat' dir='ltr'>permutarem</span> 
     </span>
     <span class='ocr_line' id='line_1_36' title="bbox 115 2320 893 2362; baseline 0.005 -13"><span class='ocrx_word' id='word_1_331' title='bbox 115 2320 294 2350; x_wconf 81' lang='lat' dir='ltr'>Corradus:</span> <span class='ocrx_word' id='word_1_332' title='bbox 327 2327 412 2352; x_wconf 82' lang='lat' dir='ltr'>-aret</span> <span class='ocrx_word' id='word_1_333' title='bbox 429 2322 469 2351; x_wconf 90' lang='lat' dir='ltr'><em>M</em></span> <span class='ocrx_word' id='word_1_334' title='bbox 593 2333 632 2360; x_wconf 84' lang='lat'>23</span> <span class='ocrx_word' id='word_1_335' title='bbox 657 2323 791 2353; x_wconf 68' lang='lat' dir='ltr'>fecerit?</span> <span class='ocrx_word' id='word_1_336' title='bbox 809 2324 893 2362; x_wconf 79' lang='lat' dir='ltr'>vulg.</span> 
     </span>
    </p>
   </div>
  </div>
 </body>
</html>
