1590 2730
507 145 614 181 EPP.
646 145 720 181 AD
749 145 1000 183 ATTICVM
1372 149 1416 184 X.
1439 147 1512 183 viii

110 256 258 288 teresse.
327 250 385 287 Eo
414 248 527 287 velim
556 255 635 286 tam
667 249 766 287 facili
802 250 857 287 uti
893 263 1005 299 posse
1041 258 1078 289 et
1110 259 1186 289 tam
1219 253 1323 290 bono
1356 253 1394 291 in

110 325 171 350 me
208 321 322 361 q'uam
361 311 538 350 Curione.
596 313 635 349 Is
667 313 717 349 ad
750 312 943 350 Misenum
978 326 1016 350 vl
1052 316 1183 351 Nonas
1218 323 1394 354 venturus

108 375 315 422 dicebatur,
337 375 376 412 id
396 382 452 412 est
471 374 596 412 hodie.
655 376 730 412 Sed
753 375 946 424 praemisit
971 376 1064 414 mihi
1083 377 1233 415 odiosas
1253 378 1394 416 litteras

108 440 182 476 hoc
202 439 397 487 exemplo:

70 537 87 567 5
728 529 775 564 A.

417 609 485 641 Scr.
503 610 581 640 circa
589 610 693 649 finem
711 621 753 641 m.
773 611 804 640 A
804 616 854 650 pr.
871 621 901 643 (ι.
921 621 973 650 705
991 612 1077 653 (49).

183 696 489 735 ‘ANTONIVS
519 698 659 734 TRIB.
692 698 766 733 PL.
799 698 906 735 PRO
937 699 1015 736 PR.
1047 699 1316 739 CICERONI

630 761 740 797 IMP.
772 761 879 797 SAL.

159 845 240 882 Nisi
273 852 309 882 te
341 845 451 882 valde
483 857 649 882 amarem
683 852 719 882 et
753 846 873 882 multo
903 845 1059 894 quidem
1091 849 1175 896 plus
1205 861 1319 896 quam
1353 856 1393 887 tu
1412 860 1429 887 1

51 924 88 945 10
106 915 226 957 putas,
259 921 336 945 non
370 907 626 945 extimuissem
660 920 850 945 rumorem
881 908 946 956 qui
977 910 1025 946 de
1058 917 1094 947 te
1126 912 1293 958 prolatus
1326 919 1392 959 est,

105 985 194 1009 cum
230 971 449 1020 praesertim
487 972 622 1008 falsum
661 983 743 1008 esse
781 971 1043 1009 existimarem.
1119 975 1194 1011 Sed
1232 974 1320 1023 quia
1357 983 1394 1012 te

105 1034 223 1072 nimio
243 1036 328 1084 plus
348 1034 474 1083 diligo,
496 1047 574 1071 non
594 1047 749 1083 possum
771 1034 1008 1073 dissimulare
1032 1036 1123 1072 mihi
1144 1038 1282 1074 famam
1304 1051 1394 1086 quo-

103 1111 189 1147 que,
220 1097 392 1146 quamvis
421 1096 467 1134 sit
495 1098 596 1142 falsa,
629 1097 755 1145 magni
784 1110 875 1134 esse.
940 1100 988 1135 Te
1019 1100 1160 1135 iturum
1190 1113 1261 1136 esse
1293 1107 1393 1138 trans

104 1174 206 1198 mare
235 1161 387 1198 credere
416 1173 492 1197 non
522 1172 689 1208 possum,
715 1173 802 1197 cum
830 1160 922 1197 tanti
952 1161 1065 1198 facias
1094 1163 1333 1200 Dolabellam
1361 1169 1397 1200 et

50 1235 83 1266 15
104 1224 269 1261 Tulliam
299 1231 412 1268 tuam,
445 1223 624 1260 feminam
654 1223 908 1269 lectissimam,
940 1224 1110 1273 tantique
1138 1226 1187 1262 ab
1216 1226 1394 1263 omnibus

103 1287 215 1325 nobis
246 1288 339 1333 fias;
379 1286 517 1335 quibus
547 1300 607 1324 me
636 1287 788 1323 hercule
817 1286 980 1335 dignitas
1008 1288 1297 1337 amplitudoque
1330 1296 1393 1326 tua

85 1349 224 1399 ‘paene
244 1349 364 1387 carior
390 1357 446 1387 est
466 1363 580 1398 quam
607 1349 675 1386 tibi
704 1349 784 1398 ipsi.
843 1351 918 1386 Sed
942 1358 1070 1387 tamen
1096 1364 1173 1387 non
1198 1364 1281 1387 sum
1301 1352 1395 1388 arbi-

103 1420 220 1450 tratus
253 1426 335 1450 esse
367 1413 479 1450 amici
510 1426 587 1449 non
618 1412 850 1450 commoveri
883 1413 996 1450 etiam
1031 1414 1290 1462 improborum
1324 1428 1395 1452 ser-

103 1490 217 1514 mone
249 1484 364 1524 atque
398 1490 444 1513 eo
482 1476 552 1514 feci
590 1476 796 1514 studiosius
829 1478 933 1525 quod
972 1477 1187 1515 iudicabam
1225 1478 1394 1515 duriores

47 1553 86 1575 πο
102 1539 217 1589 partis
237 1539 330 1576 mihi
357 1539 552 1588 impositas
580 1553 662 1577 esse
691 1540 738 1577 ab
765 1540 975 1577 offensione
999 1548 1135 1586 nostra,
1158 1554 1256 1589 quae
1276 1541 1393 1589 magis

102 1615 125 1640 a
147 1603 343 1651 ζηλοτυπίᾳ
372 1616 458 1640 mea
486 1616 600 1651 quam
628 1603 678 1640 ab
708 1602 842 1640 iniuria
870 1611 934 1640 tua
962 1610 1050 1640 nata
1078 1611 1143 1640 est.
1201 1603 1262 1641 Sic
1291 1604 1392 1641 enim

101 1666 190 1703 volo
222 1672 259 1703 te
289 1665 357 1703 tibi
387 1667 624 1714 persuadere,
658 1665 749 1702 mihi
788 1665 979 1703 neminem
1019 1679 1100 1703 esse
1137 1666 1318 1703 cariorem
1356 1674 1393 1704 te

103 1735 262 1777 excepto
288 1730 449 1766 Caesare
478 1742 575 1774 meO,
604 1742 742 1777 meque
770 1729 864 1766 illud
893 1742 968 1766 una
997 1729 1163 1766 iudicare
1189 1730 1391 1767 Caesarem

104 1791 267 1829 maxime
286 1791 324 1828 in
345 1791 421 1829 suis
443 1793 495 1828 M.
516 1791 740 1829 Ciceronem
762 1805 954 1840 reponere.
1004 1793 1092 1839 Qua
1110 1805 1158 1837 re,
1177 1791 1228 1828 mi
1243 1791 1388 1838 Cicero,
1408 1805 1432 1834 2

48 1869 86 1900 25
105 1862 142 1892 te
170 1867 261 1903 rogo
289 1861 329 1891 ut
358 1854 425 1891 tibi
454 1854 583 1891 omnia
611 1854 754 1903 integra
782 1868 919 1901 serves,
948 1854 1027 1891 eius
1056 1855 1171 1891 fidem
1200 1854 1391 1902 improbes

104 1918 169 1966 qui
192 1917 262 1954 tibi
288 1924 328 1954 ut
355 1917 583 1955 beneficium
609 1919 715 1955 daret
744 1918 845 1965 prius
874 1917 1047 1954 iniuriam
1074 1917 1172 1963 fecit,
1195 1925 1324 1954 contra
1343 1930 1392 1955 ne

102 1981 291 2029 profugias
311 1980 375 2029 qui
396 1988 443 2026 te,
465 1980 534 2018 etsi
554 1993 632 2017 non
652 1981 804 2026 amabit,
828 1982 933 2029 quod
958 1980 1130 2018 accidere
1156 1993 1233 2017 non
1254 1988 1390 2030 potest,

102 2050 230 2081 tamen
251 2045 394 2080 salvum
414 2043 769 2092 amplissimumque
790 2056 872 2080 esse
891 2043 1029 2091 cupiet.

147 2153 160 2172 1
185 2153 283 2182 posse
301 2143 501 2183 Lahmeyer:
526 2154 655 2182 possem
681 2143 820 2174 ORMs:
848 2144 968 2182 possim
986 2143 1018 2172 P
1032 2144 1149 2173 ΜίὶΗσν
1258 2155 1295 2175 10
1318 2154 1392 2183 per-

103 2185 188 2216 latus
203 2186 280 2217 coni.
300 2186 399 2216 Orelli
511 2196 548 2224 13
572 2186 652 2216 salsa
670 2186 838 2216 M2ORP:
865 2186 978 2215 salsam
996 2196 1139 2223 agnosco
1159 2187 1219 2216 (vel
1231 2188 1390 2227 agnosce)

104 2227 156 2258 Ml
175 2228 332 2267 (agnosco
344 2228 473 2268 punctis
488 2230 650 2268 notatum)
666 2240 673 2258 :
698 2229 788 2266 falsa,
807 2228 920 2258 salsam
938 2238 1120 2266 agnoscere
1136 2224 1182 2257 Zb
1283 2230 1391 2267 magni

103 2270 194 2300 M²s2
225 2280 343 2308 magno
361 2270 527 2301 M¹ORP:
553 2271 586 2300 in
604 2271 712 2300 animo
730 2270 770 2299 M
784 2270 918 2309 (weng.)
1027 2270 1074 2299 Te
1092 2271 1210 2300 iturum
1228 2281 1300 2301 esse
1317 2272 1391 2303 add.

104 2312 236 2342 Baiter:
252 2313 300 2342 Te
316 2314 434 2343 iturum
452 2313 526 2344 add.
543 2313 767 2343 IAscensius:
785 2313 832 2342 Te
850 2312 1059 2342 transiturum
1078 2313 1104 2341 L
1124 2314 1260 2352 (mmg.)
1355 2324 1391 2352 14

105 2359 137 2384 et
161 2354 235 2386 add.
253 2358 321 2386 vett.
527 2365 568 2393 23
592 2365 665 2385 meo
681 2365 797 2394 meque
814 2355 892 2384 illud
909 2364 974 2384 una
989 2354 1133 2384 iudicare
1153 2355 1189 2386 C:
1223 2366 1285 2387 om.
1305 2355 1390 2389 codd.

105 2396 281 2433 Caesarem
299 2397 451 2428 RPMsss:
476 2407 539 2428 om.
559 2396 630 2429 OM
636 2397 645 2414 ¹
774 2398 815 2426 26
833 2400 957 2437 postne
974 2396 1047 2427 add.
1063 2397 1103 2428 ab
1119 2407 1159 2427 eo
1175 2397 1290 2431 Lamb,
