1590 2730
75 157 142 193 IX.
167 158 240 192 xix
571 157 679 193 EPP.
713 157 786 193 AD
817 155 1066 192 ATTICVM

179 264 302 303 modis
328 264 466 314 quibus
492 264 593 303 idem
620 265 822 309 adfecerat,
842 271 879 301 et
909 262 1021 300 simul
1041 262 1147 310 quod
1173 274 1218 299 ea
1243 273 1341 309 quae
1363 260 1460 297 fiunt

176 336 240 366 aut
260 342 357 377 quae
378 336 476 366 certe
496 330 619 365 futura
639 335 726 365 sunt
745 327 872 364 videre
893 340 971 363 non
992 338 1157 374 possum.
1213 324 1338 360 Etiam
1359 323 1460 371 equi-

176 393 265 429 dem
294 400 445 429 senatus
473 393 647 429 consulta
675 392 772 427 facta
797 391 985 438 quaedam
1015 388 1090 425 iam
1120 395 1223 436 put0‚
1246 386 1391 423 utinam
1420 386 1460 422 in

177 455 332 492 Volcaci
358 455 606 492 sententiam!
662 456 737 491 Sed
764 453 856 502 quid
883 455 1024 491 refert?
1064 459 1120 489 est
1147 451 1249 488 enirn
1276 463 1351 486 una
1379 462 1460 487 sen—

176 517 293 555 tentia
319 518 500 554 oninium.
559 518 634 554 Sed
663 517 730 554 erit
761 516 1035 553 immitissimus
1064 514 1224 559 Servius,
1248 513 1313 562 qui
1340 511 1459 549 filium
1479 522 1496 553 5

177 581 277 618 misit
305 582 352 618 ad
382 581 624 628 effligendum
655 581 725 618 Cn.
750 579 975 627 Pompeium
1006 586 1070 615 aut
1099 586 1199 615 certe
1228 576 1458 625 capiendum

178 657 265 682 cum
287 644 423 681 Pontio
443 644 647 681 Titiniano.
707 643 787 680 Etsi
812 643 872 679 hic
897 642 1053 690 quidem
1080 641 1225 678 timoris
1251 653 1377 685 causa,
1397 639 1459 676 ille

178 709 297 745 vero?
351 709 425 745 Sed
452 707 679 745 stomachari
707 706 925 744 desinamus
952 712 988 743 et
1014 705 1222 754 aliquando
1251 703 1458 741 sentiamus

179 771 272 808 nihil
294 771 405 808 nobis
431 770 513 816 nisi,
535 770 574 808 id
594 771 698 819 quod
725 769 881 806 minime
904 770 1053 815 vellem,
1073 768 1245 817 spiritum
1270 766 1458 816 reliquum

179 848 271 872 esse.
1483 844 1518 865 10

137 905 161 942 3
232 899 324 943 Nos,
346 897 527 946 quoniam
555 910 734 945 superum
764 909 866 933 mare
892 895 1097 940 obsidetur,
1121 894 1241 932 infero
1270 893 1458 942 navigabi-

180 973 262 997 mus
296 968 345 1007 et,
375 961 405 997 si
439 960 606 998 Puteolis
643 960 711 997 erit
744 959 906 1004 difficile,
938 960 1147 997 Crotonem
1185 965 1358 1006 petemus
1395 965 1459 995 aut

178 1024 342 1061 Thurios
363 1032 398 1061 et
419 1024 509 1061 boni
530 1024 630 1061 cives
650 1030 820 1060 amantes
845 1022 986 1071 patriae
1012 1035 1114 1059 mare
1141 1021 1320 1059 infestum
1347 1022 1460 1058 habe-

178 1087 313 1125 bimus.
371 1087 495 1124 Aliam
521 1087 705 1124 rationem
732 1086 844 1123 huius
873 1085 962 1123 belli
987 1085 1143 1134 gerendi
1166 1087 1310 1122 nullam
1333 1085 1455 1122 video.

180 1152 225 1187 In
240 1150 454 1199 Aegyptum
470 1164 539 1188 nos
554 1151 750 1188 abdemus.
810 1149 985 1187 Exercitu
1006 1162 1113 1198 pares
1130 1163 1211 1186 esse
1231 1162 1309 1186 non
1329 1162 1458 1198 possu-
1480 1163 1516 1194 15

135 1222 162 1260 4
180 1227 286 1260 musg
315 1213 417 1262 pacis
439 1215 531 1251 fides
553 1215 655 1251 nulla
675 1221 740 1251 est.
799 1214 873 1251 Sed
894 1214 987 1250 haec
1008 1212 1096 1250 satis
1117 1214 1312 1261 deplorata
1332 1221 1428 1250 sunt.

230 1279 291 1314 Tu
311 1277 423 1315 velim
443 1277 582 1315 litteras
603 1277 830 1326 Cephalioni
851 1278 917 1315 des
938 1279 987 1314 de
1007 1277 1186 1314 omnibus
1214 1278 1325 1314 rebus
1352 1276 1458 1323 actis,

177 1341 344 1389 denique
372 1340 485 1378 etiam
511 1342 559 1378 de
585 1341 824 1378 sermonibus
853 1340 1064 1386 hominum,
1087 1340 1159 1377 nisi
1188 1342 1300 1389 plane
1326 1341 1459 1377 obmu-

178 1411 338 1441 tuerunt.
397 1405 479 1451 Ego
505 1404 577 1440 tuis
601 1404 769 1441 consiliis
793 1418 882 1441 usus
912 1418 995 1441 sum
1023 1404 1261 1452 maximeque
1290 1404 1395 1451 quod
1422 1410 1458 1440 et

176 1466 393 1515 gravitatem
419 1467 456 1504 in
483 1481 685 1516 congressu
712 1475 841 1505 nostro
868 1468 972 1506 tenui
998 1481 1112 1516 quam
1140 1467 1255 1504 debui
1284 1474 1320 1504 et
1345 1474 1385 1503 ut
1407 1467 1456 1504 ad
1478 1480 1517 1501 20

177 1531 308 1567 urbem
335 1544 411 1568 non
438 1532 660 1569 accederem
685 1531 928 1580 perseveravi.
989 1532 1106 1578 Quod
1134 1539 1302 1579 superest
1322 1530 1455 1575 scribe,

177 1607 331 1642 quaeso,
351 1608 465 1642 quam
494 1595 775 1633 accuratissime
797 1595 888 1644 (iam
918 1595 1020 1632 enim
1048 1602 1214 1632 extrema
1240 1595 1343 1641 sunt)
1364 1593 1457 1642 quid

177 1659 333 1706 placeat,
356 1658 447 1706 quid
468 1672 647 1705 censeas3
677 1658 746 1696 etsi
767 1659 841 1696 iam
862 1659 965 1695 nulla
985 1657 1173 1695 dubitatio
1194 1664 1260 1694 est.
1308 1658 1457 1693 Tamen

176 1719 206 1757 si
227 1719 319 1768 quid
339 1722 396 1758 vel
417 1721 542 1769 potius
562 1708 745 1770 quicquid
766 1721 891 1759 veniet
911 1721 949 1757 in
972 1728 1138 1759 mentem
1160 1719 1301 1757 scribas
1320 1718 1444 1757 velim.

181 1831 269 1892 M20,
284 1831 319 1850 21
346 1826 381 1850 ut
396 1822 435 1851 ad
456 1822 565 1851 urbem
590 1831 653 1850 non
672 1820 751 1851 Ant.
769 1820 825 1849 FL
844 1820 978 1859 (marg.)v
997 1820 1092 1850 Rom.
1111 1830 1116 1850 :
1151 1820 1191 1849 ad
1209 1819 1320 1848 urbem
1341 1824 1376 1849 ut
1393 1829 1457 1849 non

222 1863 274 1892 ²1:
297 1873 360 1894 om.
379 1868 413 1892 ut
430 1863 482 1892 M¹
