1590 2730
529 159 637 194 EPP.
669 160 744 194 AD
774 161 1023 199 ATTICVM
1388 165 1434 201 X.
1453 164 1497 200 xi

74 275 79 280 ·
123 261 225 299 enim
253 270 396 301 aestate
421 277 509 301 cum
533 264 597 303 illo
625 267 866 305 Rhodiorum
893 270 1062 320 ἀφράκτῳ
1086 271 1265 319 navigans
1292 285 1406 320 quam

122 324 256 361 fuerim
289 326 470 364 sollicitus
485 342 494 374 3
535 328 628 376 quid
657 331 752 367 duro
782 338 951 379 tempore
979 333 1069 369 anni
1097 333 1301 371 actuariola
1328 336 1407 372 sore

121 389 283 424 censes?
339 390 374 427 O
394 403 473 427 rem
493 391 663 440 undique
684 392 859 430 miseram
876 398 882 431 1

174 451 374 489 Trebatius
405 461 483 490 erat
512 467 675 500 mecum,
697 455 751 492 vir
779 458 891 505 plane
920 466 956 494 et
985 458 1074 495 civis
1105 459 1237 496 bonus.
1296 461 1405 507 Quae

83 523 99 552 5
120 512 182 551 ille
214 523 392 561 monstra,
424 516 463 553 di
492 516 746 555 immortales!
789 519 965 557 Etiamne
996 522 1136 558 Balbus
1165 521 1203 558 in
1231 529 1405 559 senatum

120 576 246 614 venire
267 578 435 627 cogitet?
490 581 565 617 Sed
586 580 619 617 ei
646 580 716 629 ipsi
742 595 822 618 cras
848 584 896 620 ad
923 591 959 620 te
985 583 1123 621 litteras
1149 585 1261 621 dabo.
1319 587 1405 622 Vet-
1422 592 1447 630 5

120 639 264 677 tienum
296 641 388 679 mihi
417 643 594 689 amicum,
626 651 667 680 ut
695 644 837 690 scribis,
870 645 920 681 ita
948 654 1040 694 puto
1069 660 1160 683 esse.
1218 648 1315 685 Cum
1347 661 1403 694 eo,

120 705 225 751 quod
247 707 433 754 ἀποτόμως
452 708 501 744 ad
526 720 586 744 me
613 707 811 755 scripserat
835 709 882 744 de
909 709 1074 745 nummis
1101 710 1287 755 curandis,
1311 711 1407 758 θυμι-

121 768 271 816 κώτερον
304 783 405 806 eram
440 769 594 807 iocatus.
666 771 711 806 Id
746 778 794 815 tu,
832 770 861 807 si
900 770 960 807 ille
997 771 1103 808 aliter
1139 772 1325 820 acceperit
1361 786 1405 810 ac

63 841 101 862 10
119 831 263 877 debuit,
286 832 413 870 lenies.
477 835 741 870 ‘MONETALI'
761 841 888 870 autem
915 834 1107 883 adscripsi,
1136 837 1240 882 quod
1267 835 1327 873 ille
1355 837 1404 873 ad

119 907 180 931 me
207 897 305 932 ‘PRO
332 897 426 933 cos.'
482 898 558 934 Sed
583 897 764 945 quoniam
791 904 847 934 est
873 898 991 934 homo
1014 905 1050 934 et
1076 910 1145 934 nos
1172 898 1301 946 diligit,
1325 899 1404 947 ipse

118 971 271 1007 quoque
290 972 313 996 a
333 959 444 997 nobis
464 959 648 1009 diligatur.
706 962 811 997 Vale.

158 1111 248 1145 XII
381 1115 449 1145 Ser.
471 1116 502 1144 in
521 1115 670 1145 Cumano
686 1116 722 1145 iii
734 1114 816 1145 Non.
837 1114 916 1145 Mai.
934 1125 963 1145 a.
984 1125 1037 1154 705
1050 1116 1131 1155 (49).

497 1200 662 1231 CICERO
691 1200 867 1231 ATTICO
897 1198 999 1231 SAL.

60 1288 96 1319 15
170 1275 367 1323 Quidnam
397 1277 489 1314 mihi
518 1279 685 1314 futurum
715 1285 770 1314 est
796 1284 860 1314 aut
887 1277 971 1325 quis
1000 1290 1061 1314 me
1090 1290 1167 1314 non
1196 1279 1319 1315 solum
1347 1278 1399 1315 in·
1416 1287 1434 1315 1

116 1337 260 1376 felicior
297 1341 364 1378 sed
398 1340 473 1377 iam
506 1340 619 1378 etiam
655 1340 826 1388 turpior?
882 1339 1119 1376 Nominatim
1153 1342 1201 1377 de
1235 1355 1295 1378 me
1328 1342 1400 1379 sibi

115 1400 342 1450 imperatum
362 1403 454 1441 dicit
475 1403 666 1441 Antonius
687 1416 757 1440 nec
778 1416 839 1439 me
860 1410 988 1439 tamen
1008 1402 1088 1450 ipse
1107 1404 1233 1440 adhuc
1257 1403 1400 1442 viderat

115 1465 182 1501 sed
218 1465 291 1502 hoc
324 1466 506 1503 Trebatio
545 1462 731 1503 narravit.v
775 1465 879 1512 Quid
912 1478 1021 1514 agam
1055 1479 1157 1502 nunc
1187 1467 1277 1514 quoi
1307 1467 1399 1504 nihil

115 1529 286 1575 procedit
319 1530 538 1578 caduntque
572 1543 615 1566 ea
653 1542 751 1577 quae
789 1528 1076 1576 diligentissime
1113 1537 1200 1565 sunt
1237 1530 1400 1578 cogitata

57 1603 97 1625 20
115 1591 356 1629 taeterrime?
423 1595 504 1641 Ego
535 1592 637 1629 enim
667 1591 875 1630 Curionem
906 1598 1038 1628 nactus
1067 1591 1195 1628 omnia
1224 1605 1284 1629 me
1313 1606 1400 1630 con-

114 1662 287 1691 secutum
324 1656 463 1703 putavi.
540 1657 578 1692 Is
622 1657 670 1693 de
708 1668 768 1692 me
808 1655 857 1691 ad
898 1654 1148 1691 Hortensium
1189 1655 1396 1703 scripserat.

115 1716 285 1765 Reginus
311 1725 389 1755 erat
415 1726 516 1755 totus
545 1726 682 1755 noster.
742 1717 845 1754 Huic
875 1716 968 1753 1111111
997 1716 1283 1764 suspicabamur
1310 1731 1398 1755 cum

113 1779 187 1816 hoc
221 1780 312 1817 mari
346 1781 473 1829 negoti
504 1783 592 1818 fore.
651 1782 741 1828 Quo
772 1794 831 1817 me
862 1793 964 1816 nunc
992 1782 1163 1816 vertam?
1216 1781 1397 1830 Vndique

115 1843 317 1880 custodior.
393 1846 467 1882 Sed
508 1845 597 1881 satis
641 1844 813 1881 lacrimis.
890 1845 1168 1892 Παρακλεπτέον
1210 1844 1320 1892 igitur
1360 1853 1438 1882 et2

57 1918 94 1950 25
115 1908 262 1944 occulte
295 1907 333 1944 in
364 1908 530 1956 aliquam
561 1908 771 1945 onerariam
800 1909 1088 1956 corrependum,
1120 1920 1197 1944 non
1226 1908 1397 1945 commit-

159 2018 171 2036 1
198 2018 270 2037 curn
288 2008 343 2038 illo
360 2008 414 2037 M:
440 2019 511 2038 cum
530 2009 591 2039 illis
607 2008 709 2038 Boot:
735 2018 807 2038 cum
826 2009 889 2038 illis
908 2008 960 2038 illo
978 2008 1145 2037 Lehmann
1165 2007 1299 2038 Mae'iller:
1313 2009 1393 2048 soff.

112 2048 284 2088 imbecillo,
303 2051 337 2087 cf
353 2061 380 2081 v.
399 2061 444 2080 12.
464 2062 490 2082 1.
513 2062 558 2089 13.
575 2061 587 2080 1
719 2053 739 2080 6
763 2050 885 2088 cogitat
904 2051 979 2080 coni.
994 2050 1077 2079 Boot
1202 2060 1222 2087 9
1247 2061 1336 2079 eram
1357 2050 1400 2079 W

114 2091 295 2122 Corradus:
321 2097 391 2122 erat
408 2094 447 2122 M
463 2093 545 2123 Crat.
562 2094 674 2123 Lamb.
786 2093 909 2122 iocatus
929 2092 1039 2122 codices
1061 2092 1137 2120 Bosz
1155 2092 1239 2122 Crat.
1257 2093 1370 2123 Lamh.
1388 2103 1396 2122 :

113 2132 236 2164 locatus
258 2133 313 2164 W:
337 2145 399 2164 om.
418 2138 469 2166 ΣΔ
556 2136 682 2173 accepit
703 2134 885 2173 Wesenbmg
1012 2144 1047 2163 21
1076 2134 1195 2172 putavi.
1242 2134 1273 2163 Is
1290 2135 1394 2173 vulg:

112 2176 244 2213 putabis
260 2176 301 2205 M
447 2187 486 2206 22
512 2177 671 2214 Reginus,
691 2178 724 2214 cf.
743 2178 828 2206 Caes.
843 2177 881 2205 Β.
899 2176 933 2206 G.
951 2177 991 2206 vi.
1008 2186 1018 2205 1
1036 2186 1044 2213 ;
1069 2186 1183 2205 nomen
1201 2176 1283 2205 1'dcm
1300 2177 1398 2206 valere

112 2228 149 2246 ac
169 2219 310 2257 ‘regium
329 2218 510 2248 satellitem'
528 2219 794 2257 (Kb‘m'gskneclzt)
815 2223 842 2247 et
862 2218 996 2247 indicare
1019 2229 1124 2247 unum
1146 2228 1160 2246 e
1177 2217 1286 2247 Balln's
1302 2222 1397 2257 putat

109 2258 257 2290 Schmidt
271 2263 297 2300 (ί
309 2261 377 2290 Der
397 2261 667 2300 Bt·1'q⁷swet‘lzsel'p.
685 2262 756 2298 178)
774 2273 780 2289 :
805 2260 941 2289 Rebilus
959 2261 1035 2290 com'.
1055 2260 1153 2289 Orelli
1260 2270 1299 2298 24
1324 2264 1397 2290 ante

111 2301 249 2331 lacrimis
266 2303 338 2332 add.
356 2304 396 2333 de
417 2303 598 2341 Wesenberg
692 2300 934 2339 Παρακλεπτέον
957 2302 1116 2339 lVblfflin:
1141 2305 1394 2331 nAPAo'rAE'r-

110 2347 215 2373 TEON
232 2345 279 2381 M,
297 2345 332 2382 cf.
347 2345 517 2375 Lehmann
538 2345 639 2375 ‘Attl
658 2354 716 2382 73:
742 2344 833 2383 πόρον
848 2343 999 2373 κλεπτέον
1021 2344 1137 2382 Tyrrell
