<?xml version="1.0" encoding="UTF-8"?>
<!DOCTYPE html PUBLIC "-//W3C//DTD XHTML 1.0 Transitional//EN"
    "http://www.w3.org/TR/xhtml1/DTD/xhtml1-transitional.dtd">
<html xmlns="http://www.w3.org/1999/xhtml" xml:lang="en" lang="en">
 <head>
  <title>
</title>
<meta http-equiv="Content-Type" content="text/html;charset=utf-8" />
  <meta name='ocr-system' content='tesseract 3.04.00' />
  <meta name='ocr-capabilities' content='ocr_page ocr_carea ocr_par ocr_line ocrx_word'/>
</head>
<body>
  <div class='ocr_page' id='page_1' title='image "./mtulliciceronise00cice_0065.png"; bbox 0 0 1590 2730; ppageno 0'>
   <div class='ocr_carea' id='block_1_1' title="bbox 507 143 1495 181">
    <p class='ocr_par' dir='ltr' id='par_1_1' title="bbox 507 143 1495 181">
     <span class='ocr_line' id='line_1_1' title="bbox 507 143 1495 181; baseline 0 -2"><span class='ocrx_word' id='word_1_1' title='bbox 507 144 615 180; x_wconf 90' lang='lat' dir='ltr'>EPP.</span> <span class='ocrx_word' id='word_1_2' title='bbox 646 145 722 180; x_wconf 81' lang='lat' dir='ltr'>AD</span> <span class='ocrx_word' id='word_1_3' title='bbox 751 145 1000 181; x_wconf 79' lang='lat' dir='ltr'><strong>ATTICVM</strong></span> <span class='ocrx_word' id='word_1_4' title='bbox 1353 145 1399 181; x_wconf 88' lang='lat' dir='ltr'>X.</span> <span class='ocrx_word' id='word_1_5' title='bbox 1420 143 1495 179; x_wconf 86' lang='lat' dir='ltr'>viii</span> 
     </span>
    </p>
   </div>
   <div class='ocr_carea' id='block_1_2' title="bbox 50 249 1434 2003">
    <p class='ocr_par' dir='ltr' id='par_1_2' title="bbox 50 249 1434 2003">
     <span class='ocr_line' id='line_1_2' title="bbox 105 249 1388 300; baseline -0.001 -12"><span class='ocrx_word' id='word_1_6' title='bbox 105 250 320 288; x_wconf 79' lang='lat' dir='ltr'>tarditatem</span> <span class='ocrx_word' id='word_1_7' title='bbox 366 249 493 287; x_wconf 91' lang='lat' dir='ltr'>incidi.</span> <span class='ocrx_word' id='word_1_8' title='bbox 567 250 643 287; x_wconf 88' lang='lat' dir='ltr'>Sed</span> <span class='ocrx_word' id='word_1_9' title='bbox 680 250 869 298; x_wconf 86' lang='lat' dir='ltr'>adsequor</span> <span class='ocrx_word' id='word_1_10' title='bbox 905 251 1035 288; x_wconf 89' lang='lat' dir='ltr'>omnia</span> <span class='ocrx_word' id='word_1_11' title='bbox 1077 251 1108 288; x_wconf 87' lang='lat' dir='ltr'>si</span> <span class='ocrx_word' id='word_1_12' title='bbox 1147 263 1318 300; x_wconf 87' lang='lat' dir='ltr'>propero,</span> <span class='ocrx_word' id='word_1_13' title='bbox 1358 250 1388 287; x_wconf 89' lang='lat' dir='ltr'>si</span> 
     </span>
     <span class='ocr_line' id='line_1_3' title="bbox 104 312 1434 361; baseline 0 -10"><span class='ocrx_word' id='word_1_14' title='bbox 104 320 264 351; x_wconf 90' lang='lat' dir='ltr'>cunctor</span> <span class='ocrx_word' id='word_1_15' title='bbox 290 312 433 350; x_wconf 86' lang='lat' dir='ltr'>amitto.</span> <span class='ocrx_word' id='word_1_16' title='bbox 492 314 541 349; x_wconf 92' lang='lat' dir='ltr'>Et</span> <span class='ocrx_word' id='word_1_17' title='bbox 569 319 708 357; x_wconf 89' lang='lat' dir='ltr'>tamen,</span> <span class='ocrx_word' id='word_1_18' title='bbox 731 312 782 349; x_wconf 90' lang='lat' dir='ltr'>mi</span> <span class='ocrx_word' id='word_1_19' title='bbox 802 312 939 359; x_wconf 84' lang='lat' dir='ltr'>Attice,</span> <span class='ocrx_word' id='word_1_20' title='bbox 964 313 1118 361; x_wconf 87' lang='lat' dir='ltr'>auguria</span> <span class='ocrx_word' id='word_1_21' title='bbox 1146 326 1299 361; x_wconf 87' lang='lat' dir='ltr'>quoque</span> <span class='ocrx_word' id='word_1_22' title='bbox 1328 326 1388 350; x_wconf 87' lang='lat' dir='ltr'>me</span> <span class='ocrx_word' id='word_1_23' title='bbox 1407 316 1434 353; x_wconf 84' lang='lat'>6</span> 
     </span>
     <span class='ocr_line' id='line_1_4' title="bbox 105 374 1388 423; baseline -0.001 -10"><span class='ocrx_word' id='word_1_24' title='bbox 105 375 263 414; x_wconf 82' lang='lat' dir='ltr'>incitant</span> <span class='ocrx_word' id='word_1_25' title='bbox 282 376 448 423; x_wconf 88' lang='lat' dir='ltr'>quadam</span> <span class='ocrx_word' id='word_1_26' title='bbox 474 387 541 423; x_wconf 92' lang='lat' dir='ltr'>spe</span> <span class='ocrx_word' id='word_1_27' title='bbox 569 387 646 411; x_wconf 94' lang='lat' dir='ltr'>non</span> <span class='ocrx_word' id='word_1_28' title='bbox 671 374 788 411; x_wconf 90' lang='lat' dir='ltr'>dubia</span> <span class='ocrx_word' id='word_1_29' title='bbox 815 388 886 412; x_wconf 90' lang='lat' dir='ltr'>nec</span> <span class='ocrx_word' id='word_1_30' title='bbox 912 377 1006 412; x_wconf 88' lang='lat' dir='ltr'>haec</span> <span class='ocrx_word' id='word_1_31' title='bbox 1035 375 1168 423; x_wconf 81' lang='lat' dir='ltr'>collegi</span> <span class='ocrx_word' id='word_1_32' title='bbox 1197 375 1312 412; x_wconf 83' lang='lat' dir='ltr'>nostri</span> <span class='ocrx_word' id='word_1_33' title='bbox 1340 375 1388 413; x_wconf 88' lang='lat' dir='ltr'>ab</span> 
     </span>
     <span class='ocr_line' id='line_1_5' title="bbox 106 437 1389 486; baseline -0.001 -10"><span class='ocrx_word' id='word_1_34' title='bbox 106 441 199 477; x_wconf 88' lang='lat' dir='ltr'>Atto</span> <span class='ocrx_word' id='word_1_35' title='bbox 219 439 286 476; x_wconf 85' lang='lat' dir='ltr'>sed</span> <span class='ocrx_word' id='word_1_36' title='bbox 305 438 367 475; x_wconf 90' lang='lat' dir='ltr'>illa</span> <span class='ocrx_word' id='word_1_37' title='bbox 388 437 555 475; x_wconf 79' lang='lat' dir='ltr'>Platonis</span> <span class='ocrx_word' id='word_1_38' title='bbox 576 439 624 474; x_wconf 89' lang='lat' dir='ltr'>de</span> <span class='ocrx_word' id='word_1_39' title='bbox 644 438 820 485; x_wconf 89' lang='lat' dir='ltr'>tyrannis.</span> <span class='ocrx_word' id='word_1_40' title='bbox 878 439 996 474; x_wconf 91' lang='lat' dir='ltr'>Nullo</span> <span class='ocrx_word' id='word_1_41' title='bbox 1020 438 1120 475; x_wconf 92' lang='lat' dir='ltr'>enim</span> <span class='ocrx_word' id='word_1_42' title='bbox 1142 439 1258 475; x_wconf 90' lang='lat' dir='ltr'>modo</span> <span class='ocrx_word' id='word_1_43' title='bbox 1278 451 1389 486; x_wconf 89' lang='lat' dir='ltr'>posse</span> 
     </span>
     <span class='ocr_line' id='line_1_6' title="bbox 71 500 1389 550; baseline -0.001 -11"><span class='ocrx_word' id='word_1_44' title='bbox 71 517 88 549; x_wconf 89' lang='lat'>5</span> <span class='ocrx_word' id='word_1_45' title='bbox 106 501 219 540; x_wconf 92' lang='lat' dir='ltr'>video</span> <span class='ocrx_word' id='word_1_46' title='bbox 238 509 335 539; x_wconf 88' lang='lat' dir='ltr'>stare</span> <span class='ocrx_word' id='word_1_47' title='bbox 354 501 468 538; x_wconf 90' lang='lat' dir='ltr'>istum</span> <span class='ocrx_word' id='word_1_48' title='bbox 484 500 625 538; x_wconf 88' lang='lat' dir='ltr'>diutius</span> <span class='ocrx_word' id='word_1_49' title='bbox 641 500 733 549; x_wconf 89' lang='lat' dir='ltr'>quin</span> <span class='ocrx_word' id='word_1_50' title='bbox 754 500 834 549; x_wconf 90' lang='lat' dir='ltr'>ipse</span> <span class='ocrx_word' id='word_1_51' title='bbox 854 513 920 549; x_wconf 88' lang='lat' dir='ltr'>per</span> <span class='ocrx_word' id='word_1_52' title='bbox 939 514 978 538; x_wconf 88' lang='lat' dir='ltr'>se</span> <span class='ocrx_word' id='word_1_53' title='bbox 994 501 1107 538; x_wconf 91' lang='lat' dir='ltr'>etiam</span> <span class='ocrx_word' id='word_1_54' title='bbox 1123 501 1389 550; x_wconf 81' lang='lat' dir='ltr'>languentibus</span> 
     </span>
     <span class='ocr_line' id='line_1_7' title="bbox 105 562 1389 612; baseline -0.002 -10"><span class='ocrx_word' id='word_1_55' title='bbox 105 564 217 602; x_wconf 89' lang='lat' dir='ltr'>nobis</span> <span class='ocrx_word' id='word_1_56' title='bbox 246 563 433 610; x_wconf 87' lang='lat' dir='ltr'>concidat,</span> <span class='ocrx_word' id='word_1_57' title='bbox 461 562 603 612; x_wconf 84' lang='lat' dir='ltr'>quippe</span> <span class='ocrx_word' id='word_1_58' title='bbox 632 562 697 612; x_wconf 90' lang='lat' dir='ltr'>qui</span> <span class='ocrx_word' id='word_1_59' title='bbox 727 563 1013 600; x_wconf 87' lang='lat' dir='ltr'>florentissimus</span> <span class='ocrx_word' id='word_1_60' title='bbox 1041 577 1085 601; x_wconf 84' lang='lat' dir='ltr'>ac</span> <span class='ocrx_word' id='word_1_61' title='bbox 1114 577 1234 601; x_wconf 87' lang='lat' dir='ltr'>novus</span> <span class='ocrx_word' id='word_1_62' title='bbox 1261 576 1311 609; x_wconf 79' lang='lat' dir='ltr'>vl,</span> <span class='ocrx_word' id='word_1_63' title='bbox 1334 575 1389 600; x_wconf 81' lang='lat' dir='ltr'>vu</span> 
     </span>
     <span class='ocr_line' id='line_1_8' title="bbox 106 626 1390 676; baseline -0.002 -11"><span class='ocrx_word' id='word_1_64' title='bbox 106 627 242 665; x_wconf 89' lang='lat' dir='ltr'>diebus</span> <span class='ocrx_word' id='word_1_65' title='bbox 278 627 350 676; x_wconf 89' lang='lat' dir='ltr'>ipsi</span> <span class='ocrx_word' id='word_1_66' title='bbox 386 627 438 664; x_wconf 93' lang='lat' dir='ltr'>illi</span> <span class='ocrx_word' id='word_1_67' title='bbox 476 626 600 675; x_wconf 87' lang='lat' dir='ltr'>egenti</span> <span class='ocrx_word' id='word_1_68' title='bbox 637 639 681 663; x_wconf 84' lang='lat' dir='ltr'>ac</span> <span class='ocrx_word' id='word_1_69' title='bbox 718 626 887 675; x_wconf 86' lang='lat' dir='ltr'>perditae</span> <span class='ocrx_word' id='word_1_70' title='bbox 921 627 1154 665; x_wconf 81' lang='lat' dir='ltr'>multitudini</span> <span class='ocrx_word' id='word_1_71' title='bbox 1187 626 1225 664; x_wconf 90' lang='lat' dir='ltr'>in</span> <span class='ocrx_word' id='word_1_72' title='bbox 1258 626 1390 664; x_wconf 92' lang='lat' dir='ltr'>odium</span> 
     </span>
     <span class='ocr_line' id='line_1_9' title="bbox 105 688 1390 738; baseline -0.001 -11"><span class='ocrx_word' id='word_1_73' title='bbox 105 689 391 728; x_wconf 84' lang='lat' dir='ltr'>acerbissimum</span> <span class='ocrx_word' id='word_1_74' title='bbox 415 689 567 735; x_wconf 88' lang='lat' dir='ltr'>venerit,</span> <span class='ocrx_word' id='word_1_75' title='bbox 591 688 656 738; x_wconf 88' lang='lat' dir='ltr'>qui</span> <span class='ocrx_word' id='word_1_76' title='bbox 680 690 839 726; x_wconf 88' lang='lat' dir='ltr'>duarum</span> <span class='ocrx_word' id='word_1_77' title='bbox 860 703 981 727; x_wconf 89' lang='lat' dir='ltr'>rerum</span> <span class='ocrx_word' id='word_1_78' title='bbox 1007 690 1287 727; x_wconf 79' lang='lat' dir='ltr'>simulationem</span> <span class='ocrx_word' id='word_1_79' title='bbox 1313 697 1390 727; x_wconf 89' lang='lat' dir='ltr'>tam</span> 
     </span>
     <span class='ocr_line' id='line_1_10' title="bbox 107 752 1390 799; baseline -0.001 -9"><span class='ocrx_word' id='word_1_80' title='bbox 107 753 183 791; x_wconf 89' lang='lat' dir='ltr'>cito</span> <span class='ocrx_word' id='word_1_81' title='bbox 228 753 403 799; x_wconf 89' lang='lat' dir='ltr'>amiserit,</span> <span class='ocrx_word' id='word_1_82' title='bbox 450 752 752 790; x_wconf 84' lang='lat' dir='ltr'>mansuetudinis</span> <span class='ocrx_word' id='word_1_83' title='bbox 798 752 835 789; x_wconf 91' lang='lat' dir='ltr'>in</span> <span class='ocrx_word' id='word_1_84' title='bbox 876 754 1044 799; x_wconf 87' lang='lat' dir='ltr'>Metello,</span> <span class='ocrx_word' id='word_1_85' title='bbox 1093 753 1305 791; x_wconf 85' lang='lat' dir='ltr'>divitiarum</span> <span class='ocrx_word' id='word_1_86' title='bbox 1352 753 1390 789; x_wconf 90' lang='lat' dir='ltr'>in</span> 
     </span>
     <span class='ocr_line' id='line_1_11' title="bbox 52 816 1392 865; baseline 0 -12"><span class='ocrx_word' id='word_1_87' title='bbox 52 831 90 853; x_wconf 90' lang='lat'>10</span> <span class='ocrx_word' id='word_1_88' title='bbox 106 817 258 854; x_wconf 88' lang='lat' dir='ltr'>aerario.</span> <span class='ocrx_word' id='word_1_89' title='bbox 318 819 399 854; x_wconf 90' lang='lat' dir='ltr'>Iam</span> <span class='ocrx_word' id='word_1_90' title='bbox 421 816 559 865; x_wconf 85' lang='lat' dir='ltr'>quibus</span> <span class='ocrx_word' id='word_1_91' title='bbox 580 823 705 853; x_wconf 83' lang='lat' dir='ltr'>utatur</span> <span class='ocrx_word' id='word_1_92' title='bbox 724 818 781 853; x_wconf 86' lang='lat' dir='ltr'>vel</span> <span class='ocrx_word' id='word_1_93' title='bbox 802 816 913 853; x_wconf 83' lang='lat' dir='ltr'>sociis</span> <span class='ocrx_word' id='word_1_94' title='bbox 934 818 991 854; x_wconf 88' lang='lat' dir='ltr'>vel</span> <span class='ocrx_word' id='word_1_95' title='bbox 1018 816 1227 854; x_wconf 85' lang='lat' dir='ltr'>ministris?</span> <span class='ocrx_word' id='word_1_96' title='bbox 1263 816 1287 853; x_wconf 90' lang='lat' dir='ltr'>ii</span> <span class='ocrx_word' id='word_1_97' title='bbox 1311 830 1392 865; x_wconf 90' lang='lat' dir='ltr'>pro-</span> 
     </span>
     <span class='ocr_line' id='line_1_12' title="bbox 107 879 1391 928; baseline -0.001 -11"><span class='ocrx_word' id='word_1_98' title='bbox 107 879 259 926; x_wconf 87' lang='lat' dir='ltr'>vincias,</span> <span class='ocrx_word' id='word_1_99' title='bbox 281 879 306 916; x_wconf 91' lang='lat' dir='ltr'>ii</span> <span class='ocrx_word' id='word_1_100' title='bbox 329 893 408 917; x_wconf 90' lang='lat' dir='ltr'>rem</span> <span class='ocrx_word' id='word_1_101' title='bbox 434 879 626 928; x_wconf 86' lang='lat' dir='ltr'>publicam</span> <span class='ocrx_word' id='word_1_102' title='bbox 656 886 785 928; x_wconf 89' lang='lat' dir='ltr'>regent</span> <span class='ocrx_word' id='word_1_103' title='bbox 805 892 967 927; x_wconf 83' lang='lat' dir='ltr'>quorum</span> <span class='ocrx_word' id='word_1_104' title='bbox 997 892 1110 916; x_wconf 87' lang='lat' dir='ltr'>nemo</span> <span class='ocrx_word' id='word_1_105' title='bbox 1136 881 1213 917; x_wconf 91' lang='lat' dir='ltr'>duo</span> <span class='ocrx_word' id='word_1_106' title='bbox 1243 892 1391 917; x_wconf 84' lang='lat' dir='ltr'>menses</span> 
     </span>
     <span class='ocr_line' id='line_1_13' title="bbox 106 942 908 993; baseline -0.001 -13"><span class='ocrx_word' id='word_1_107' title='bbox 106 943 229 993; x_wconf 88' lang='lat' dir='ltr'>potuit</span> <span class='ocrx_word' id='word_1_108' title='bbox 248 942 517 991; x_wconf 86' lang='lat' dir='ltr'>patrimonium</span> <span class='ocrx_word' id='word_1_109' title='bbox 538 956 648 979; x_wconf 89' lang='lat' dir='ltr'>suum</span> <span class='ocrx_word' id='word_1_110' title='bbox 668 943 877 991; x_wconf 86' lang='lat' dir='ltr'>gubernare</span> <span class='ocrx_word' id='word_1_111' title='bbox 893 944 908 979; x_wconf 88' lang='lat'>?</span> 
     </span>
     <span class='ocr_line' id='line_1_14' title="bbox 159 1005 1432 1055; baseline 0 -12"><span class='ocrx_word' id='word_1_112' title='bbox 159 1008 249 1043; x_wconf 92' lang='lat' dir='ltr'>Non</span> <span class='ocrx_word' id='word_1_113' title='bbox 269 1013 356 1044; x_wconf 88' lang='lat' dir='ltr'>sunt</span> <span class='ocrx_word' id='word_1_114' title='bbox 377 1006 505 1047; x_wconf 88' lang='lat' dir='ltr'>omnia</span> <span class='ocrx_word' id='word_1_115' title='bbox 525 1006 751 1055; x_wconf 87' lang='lat' dir='ltr'>conligenda</span> <span class='ocrx_word' id='word_1_116' title='bbox 771 1019 869 1054; x_wconf 81' lang='lat' dir='ltr'>quae</span> <span class='ocrx_word' id='word_1_117' title='bbox 893 1013 932 1043; x_wconf 88' lang='lat' dir='ltr'>tu</span> <span class='ocrx_word' id='word_1_118' title='bbox 961 1006 1177 1044; x_wconf 87' lang='lat' dir='ltr'>acutissime</span> <span class='ocrx_word' id='word_1_119' title='bbox 1197 1005 1388 1055; x_wconf 89' lang='lat' dir='ltr'>perspicis,</span> <span class='ocrx_word' id='word_1_120' title='bbox 1407 1010 1432 1049; x_wconf 89' lang='grc'><strong>7</strong></span> 
     </span>
     <span class='ocr_line' id='line_1_15' title="bbox 107 1069 1391 1118; baseline -0.001 -11"><span class='ocrx_word' id='word_1_121' title='bbox 107 1071 175 1107; x_wconf 89' lang='lat' dir='ltr'>sed</span> <span class='ocrx_word' id='word_1_122' title='bbox 194 1077 322 1107; x_wconf 91' lang='lat' dir='ltr'>tamen</span> <span class='ocrx_word' id='word_1_123' title='bbox 348 1083 392 1107; x_wconf 91' lang='lat' dir='ltr'>ea</span> <span class='ocrx_word' id='word_1_124' title='bbox 417 1082 518 1118; x_wconf 92' lang='lat' dir='ltr'>pone</span> <span class='ocrx_word' id='word_1_125' title='bbox 545 1077 633 1107; x_wconf 88' lang='lat' dir='ltr'>ante</span> <span class='ocrx_word' id='word_1_126' title='bbox 661 1071 819 1115; x_wconf 79' lang='lat' dir='ltr'>oculos;</span> <span class='ocrx_word' id='word_1_127' title='bbox 848 1070 922 1107; x_wconf 86' lang='lat' dir='ltr'>iarn</span> <span class='ocrx_word' id='word_1_128' title='bbox 950 1069 1144 1118; x_wconf 83' lang='lat' dir='ltr'>intelleges</span> <span class='ocrx_word' id='word_1_129' title='bbox 1172 1070 1211 1107; x_wconf 92' lang='lat' dir='ltr'>id</span> <span class='ocrx_word' id='word_1_130' title='bbox 1235 1082 1391 1118; x_wconf 85' lang='lat' dir='ltr'>regnum</span> 
     </span>
     <span class='ocr_line' id='line_1_16' title="bbox 51 1133 1390 1182; baseline -0.001 -11"><span class='ocrx_word' id='word_1_131' title='bbox 51 1145 87 1177; x_wconf 89' lang='lat'>15</span> <span class='ocrx_word' id='word_1_132' title='bbox 106 1133 167 1171; x_wconf 87' lang='lat' dir='ltr'>vix</span> <span class='ocrx_word' id='word_1_133' title='bbox 203 1141 410 1171; x_wconf 87' lang='lat' dir='ltr'>semenstre</span> <span class='ocrx_word' id='word_1_134' title='bbox 440 1147 522 1171; x_wconf 88' lang='lat' dir='ltr'>esse</span> <span class='ocrx_word' id='word_1_135' title='bbox 552 1146 673 1182; x_wconf 86' lang='lat' dir='ltr'>posse.</span> <span class='ocrx_word' id='word_1_136' title='bbox 731 1135 848 1181; x_wconf 82' lang='lat' dir='ltr'>Quod</span> <span class='ocrx_word' id='word_1_137' title='bbox 887 1133 917 1170; x_wconf 86' lang='lat' dir='ltr'>si</span> <span class='ocrx_word' id='word_1_138' title='bbox 950 1147 1011 1171; x_wconf 89' lang='lat' dir='ltr'>me</span> <span class='ocrx_word' id='word_1_139' title='bbox 1048 1133 1228 1180; x_wconf 86' lang='lat' dir='ltr'>fefellerit,</span> <span class='ocrx_word' id='word_1_140' title='bbox 1263 1135 1390 1179; x_wconf 89' lang='lat' dir='ltr'>feram,</span> 
     </span>
     <span class='ocr_line' id='line_1_17' title="bbox 107 1196 1393 1244; baseline 0 -11"><span class='ocrx_word' id='word_1_141' title='bbox 107 1196 203 1234; x_wconf 91' lang='lat' dir='ltr'>sicut</span> <span class='ocrx_word' id='word_1_142' title='bbox 224 1196 330 1233; x_wconf 90' lang='lat' dir='ltr'>multi</span> <span class='ocrx_word' id='word_1_143' title='bbox 351 1196 546 1233; x_wconf 79' lang='lat' dir='ltr'>clarissimi</span> <span class='ocrx_word' id='word_1_144' title='bbox 567 1196 741 1233; x_wconf 87' lang='lat' dir='ltr'>homines</span> <span class='ocrx_word' id='word_1_145' title='bbox 762 1196 800 1232; x_wconf 88' lang='lat' dir='ltr'>in</span> <span class='ocrx_word' id='word_1_146' title='bbox 820 1209 858 1233; x_wconf 89' lang='lat' dir='ltr'>re</span> <span class='ocrx_word' id='word_1_147' title='bbox 884 1196 1038 1244; x_wconf 88' lang='lat' dir='ltr'>publica</span> <span class='ocrx_word' id='word_1_148' title='bbox 1057 1198 1282 1233; x_wconf 78' lang='lat' dir='ltr'>excellentes</span> <span class='ocrx_word' id='word_1_149' title='bbox 1302 1197 1393 1233; x_wconf 88' lang='lat' dir='ltr'>tule-</span> 
     </span>
     <span class='ocr_line' id='line_1_18' title="bbox 107 1257 1392 1310; baseline -0.001 -14"><span class='ocrx_word' id='word_1_150' title='bbox 107 1267 203 1305; x_wconf 82' lang='lat' dir='ltr'>runt,</span> <span class='ocrx_word' id='word_1_151' title='bbox 225 1259 296 1296; x_wconf 86' lang='lat' dir='ltr'>nisi</span> <span class='ocrx_word' id='word_1_152' title='bbox 316 1260 411 1296; x_wconf 90' lang='lat' dir='ltr'>forte</span> <span class='ocrx_word' id='word_1_153' title='bbox 432 1272 492 1296; x_wconf 94' lang='lat' dir='ltr'>me</span> <span class='ocrx_word' id='word_1_154' title='bbox 513 1258 771 1308; x_wconf 86' lang='lat' dir='ltr'>Sardanapalli</span> <span class='ocrx_word' id='word_1_155' title='bbox 793 1258 915 1295; x_wconf 88' lang='lat' dir='ltr'>vicem</span> <span class='ocrx_word' id='word_1_156' title='bbox 944 1257 997 1309; x_wconf 87' lang='lat' dir='ltr'>[in</span> <span class='ocrx_word' id='word_1_157' title='bbox 1026 1272 1096 1295; x_wconf 89' lang='lat' dir='ltr'>suo</span> <span class='ocrx_word' id='word_1_158' title='bbox 1121 1257 1275 1310; x_wconf 87' lang='lat' dir='ltr'>lectulo]</span> <span class='ocrx_word' id='word_1_159' title='bbox 1298 1259 1392 1295; x_wconf 93' lang='lat' dir='ltr'>mori</span> 
     </span>
     <span class='ocr_line' id='line_1_19' title="bbox 107 1321 1392 1370; baseline 0.001 -12"><span class='ocrx_word' id='word_1_160' title='bbox 107 1324 219 1360; x_wconf 86' lang='lat' dir='ltr'>malle</span> <span class='ocrx_word' id='word_1_161' title='bbox 247 1322 437 1360; x_wconf 87' lang='lat' dir='ltr'>censueris</span> <span class='ocrx_word' id='word_1_162' title='bbox 467 1335 581 1370; x_wconf 85' lang='lat' dir='ltr'>quam</span> <span class='ocrx_word' id='word_1_163' title='bbox 611 1324 650 1359; x_wconf 78' lang='lat' dir='ltr'>in</span> <span class='ocrx_word' id='word_1_164' title='bbox 682 1321 812 1359; x_wconf 83' lang='lat' dir='ltr'>exsilio</span> <span class='ocrx_word' id='word_1_165' title='bbox 841 1322 1136 1359; x_wconf 84' lang='lat' dir='ltr'>Themistocleo.</span> <span class='ocrx_word' id='word_1_166' title='bbox 1195 1322 1272 1369; x_wconf 84' lang='lat' dir='ltr'>Qui</span> <span class='ocrx_word' id='word_1_167' title='bbox 1305 1335 1392 1359; x_wconf 91' lang='lat' dir='ltr'>cum</span> 
     </span>
     <span class='ocr_line' id='line_1_20' title="bbox 107 1384 1395 1436; baseline 0 -14"><span class='ocrx_word' id='word_1_168' title='bbox 107 1384 248 1432; x_wconf 79' lang='lat' dir='ltr'>fuisset,</span> <span class='ocrx_word' id='word_1_169' title='bbox 279 1393 319 1423; x_wconf 88' lang='lat' dir='ltr'>ut</span> <span class='ocrx_word' id='word_1_170' title='bbox 357 1385 408 1423; x_wconf 80' lang='lat' dir='ltr'>ait</span> <span class='ocrx_word' id='word_1_171' title='bbox 433 1385 690 1434; x_wconf 78' lang='lat' dir='ltr'>Thucydides,</span> <span class='ocrx_word' id='word_1_172' title='bbox 721 1389 789 1423; x_wconf 82' lang='grc' dir='ltr'>τῶν</span> <span class='ocrx_word' id='word_1_173' title='bbox 820 1388 886 1435; x_wconf 86' lang='grc' dir='ltr'>μὲν</span> <span class='ocrx_word' id='word_1_174' title='bbox 913 1387 1096 1434; x_wconf 81' lang='grc' dir='ltr'>παρόντων</span> <span class='ocrx_word' id='word_1_175' title='bbox 1124 1386 1168 1423; x_wconf 78' lang='grc' dir='ltr'>δι’</span> <span class='ocrx_word' id='word_1_176' title='bbox 1201 1387 1395 1436; x_wconf 80' lang='grc' dir='ltr'>ἐλαχίστης</span> 
     </span>
     <span class='ocr_line' id='line_1_21' title="bbox 50 1450 1394 1500; baseline -0.001 -12"><span class='ocrx_word' id='word_1_177' title='bbox 50 1466 91 1488; x_wconf 84' lang='lat'>20</span> <span class='ocrx_word' id='word_1_178' title='bbox 106 1450 246 1498; x_wconf 82' lang='grc' dir='ltr'>βουλῆς</span> <span class='ocrx_word' id='word_1_179' title='bbox 280 1451 467 1498; x_wconf 77' lang='grc' dir='ltr'>κράτιστος</span> <span class='ocrx_word' id='word_1_180' title='bbox 496 1450 644 1500; x_wconf 81' lang='grc' dir='ltr'>γνώμων</span> <span class='ocrx_word' id='word_1_181' title='bbox 671 1453 741 1487; x_wconf 82' lang='grc' dir='ltr'>τῶν</span> <span class='ocrx_word' id='word_1_182' title='bbox 768 1450 805 1486; x_wconf 80' lang='grc' dir='ltr'>δὲ</span> <span class='ocrx_word' id='word_1_183' title='bbox 833 1451 1039 1498; x_wconf 76' lang='grc' dir='ltr'>μελλόντων</span> <span class='ocrx_word' id='word_1_184' title='bbox 1067 1453 1101 1489; x_wconf 84' lang='grc' dir='ltr'>ἐς</span> <span class='ocrx_word' id='word_1_185' title='bbox 1132 1452 1306 1487; x_wconf 78' lang='grc' dir='ltr'>πλεῖστον</span> <span class='ocrx_word' id='word_1_186' title='bbox 1332 1453 1394 1487; x_wconf 82' lang='grc' dir='ltr'>τοῦ</span> 
     </span>
     <span class='ocr_line' id='line_1_22' title="bbox 105 1512 1394 1566; baseline -0.002 -14"><span class='ocrx_word' id='word_1_187' title='bbox 105 1516 348 1566; x_wconf 78' lang='grc' dir='ltr'>’γενησομένου</span> <span class='ocrx_word' id='word_1_188' title='bbox 380 1516 525 1563; x_wconf 80' lang='grc' dir='ltr'>ἄριστος</span> <span class='ocrx_word' id='word_1_189' title='bbox 563 1514 738 1561; x_wconf 83' lang='grc' dir='ltr'>εἰκαστής,</span> <span class='ocrx_word' id='word_1_190' title='bbox 774 1520 901 1550; x_wconf 79' lang='lat' dir='ltr'>tamen</span> <span class='ocrx_word' id='word_1_191' title='bbox 939 1512 1071 1550; x_wconf 82' lang='lat' dir='ltr'>incidit</span> <span class='ocrx_word' id='word_1_192' title='bbox 1108 1512 1146 1549; x_wconf 77' lang='lat' dir='ltr'>in</span> <span class='ocrx_word' id='word_1_193' title='bbox 1183 1525 1248 1550; x_wconf 77' lang='lat' dir='ltr'>eOS</span> <span class='ocrx_word' id='word_1_194' title='bbox 1285 1525 1394 1550; x_wconf 81' lang='lat' dir='ltr'>casus</span> 
     </span>
     <span class='ocr_line' id='line_1_23' title="bbox 106 1575 1394 1627; baseline -0.002 -12"><span class='ocrx_word' id='word_1_195' title='bbox 106 1591 203 1627; x_wconf 89' lang='lat' dir='ltr'>quos</span> <span class='ocrx_word' id='word_1_196' title='bbox 232 1577 385 1615; x_wconf 87' lang='lat' dir='ltr'>vitasset</span> <span class='ocrx_word' id='word_1_197' title='bbox 417 1577 447 1614; x_wconf 86' lang='lat' dir='ltr'>si</span> <span class='ocrx_word' id='word_1_198' title='bbox 467 1590 554 1614; x_wconf 92' lang='lat' dir='ltr'>eum</span> <span class='ocrx_word' id='word_1_199' title='bbox 589 1576 682 1613; x_wconf 89' lang='lat' dir='ltr'>nihil</span> <span class='ocrx_word' id='word_1_200' title='bbox 712 1575 933 1613; x_wconf 55' lang='lat' dir='ltr'>fefellisset?</span> <span class='ocrx_word' id='word_1_201' title='bbox 974 1575 1054 1612; x_wconf 89' lang='lat' dir='ltr'>Etsi</span> <span class='ocrx_word' id='word_1_202' title='bbox 1088 1575 1117 1612; x_wconf 92' lang='lat' dir='ltr'>is</span> <span class='ocrx_word' id='word_1_203' title='bbox 1150 1583 1237 1621; x_wconf 84' lang='lat' dir='ltr'>erat,</span> <span class='ocrx_word' id='word_1_204' title='bbox 1271 1582 1311 1612; x_wconf 88' lang='lat' dir='ltr'>ut</span> <span class='ocrx_word' id='word_1_205' title='bbox 1342 1575 1394 1613; x_wconf 88' lang='lat' dir='ltr'>ait</span> 
     </span>
     <span class='ocr_line' id='line_1_24' title="bbox 105 1640 1394 1690; baseline -0.002 -12"><span class='ocrx_word' id='word_1_206' title='bbox 105 1640 219 1687; x_wconf 78' lang='lat' dir='ltr'>idem,</span> <span class='ocrx_word' id='word_1_207' title='bbox 251 1641 315 1690; x_wconf 77' lang='lat' dir='ltr'>qui</span> <span class='ocrx_word' id='word_1_208' title='bbox 347 1642 387 1678; x_wconf 83' lang='grc' dir='ltr'>τὸ</span> <span class='ocrx_word' id='word_1_209' title='bbox 423 1643 565 1690; x_wconf 78' lang='grc' dir='ltr'>ἄμεινον</span> <span class='ocrx_word' id='word_1_210' title='bbox 599 1641 655 1678; x_wconf 76' lang='grc' dir='ltr'>καὶ</span> <span class='ocrx_word' id='word_1_211' title='bbox 686 1642 727 1678; x_wconf 85' lang='grc' dir='ltr'>τὸ</span> <span class='ocrx_word' id='word_1_212' title='bbox 759 1643 879 1690; x_wconf 77' lang='grc' dir='ltr'>χεῖρον</span> <span class='ocrx_word' id='word_1_213' title='bbox 912 1643 948 1677; x_wconf 85' lang='grc' dir='ltr'>ἐν</span> <span class='ocrx_word' id='word_1_214' title='bbox 978 1643 1027 1690; x_wconf 72' lang='grc' dir='ltr'>τῷ</span> <span class='ocrx_word' id='word_1_215' title='bbox 1058 1642 1189 1687; x_wconf 77' lang='grc' dir='ltr'>ἀφανεῖ</span> <span class='ocrx_word' id='word_1_216' title='bbox 1223 1640 1272 1676; x_wconf 78' lang='grc' dir='ltr'>ἔτι</span> <span class='ocrx_word' id='word_1_217' title='bbox 1305 1640 1394 1688; x_wconf 78' lang='grc' dir='ltr'>ἐώρα</span> 
     </span>
     <span class='ocr_line' id='line_1_25' title="bbox 105 1702 1393 1753; baseline -0.002 -11"><span class='ocrx_word' id='word_1_218' title='bbox 105 1704 279 1753; x_wconf 81' lang='grc' dir='ltr'>μάλιστα,</span> <span class='ocrx_word' id='word_1_219' title='bbox 299 1712 426 1742; x_wconf 86' lang='lat' dir='ltr'>tamen</span> <span class='ocrx_word' id='word_1_220' title='bbox 454 1718 531 1742; x_wconf 90' lang='lat' dir='ltr'>non</span> <span class='ocrx_word' id='word_1_221' title='bbox 552 1704 645 1742; x_wconf 89' lang='lat' dir='ltr'>vidit</span> <span class='ocrx_word' id='word_1_222' title='bbox 666 1717 737 1741; x_wconf 90' lang='lat' dir='ltr'>nec</span> <span class='ocrx_word' id='word_1_223' title='bbox 760 1717 837 1752; x_wconf 85' lang='lat' dir='ltr'>quo</span> <span class='ocrx_word' id='word_1_224' title='bbox 864 1704 981 1740; x_wconf 92' lang='lat' dir='ltr'>modo</span> <span class='ocrx_word' id='word_1_225' title='bbox 1002 1702 1393 1740; x_wconf 79' lang='lat' dir='ltr'>Lacedaemoniorum</span> 
     </span>
     <span class='ocr_line' id='line_1_26' title="bbox 51 1765 1393 1816; baseline -0.001 -11"><span class='ocrx_word' id='word_1_226' title='bbox 51 1780 88 1811; x_wconf 85' lang='lat'>25</span> <span class='ocrx_word' id='word_1_227' title='bbox 106 1781 177 1805; x_wconf 92' lang='lat' dir='ltr'>nec</span> <span class='ocrx_word' id='word_1_228' title='bbox 197 1780 274 1816; x_wconf 88' lang='lat' dir='ltr'>quo</span> <span class='ocrx_word' id='word_1_229' title='bbox 300 1768 418 1804; x_wconf 91' lang='lat' dir='ltr'>modo</span> <span class='ocrx_word' id='word_1_230' title='bbox 444 1780 599 1804; x_wconf 89' lang='lat' dir='ltr'>suorum</span> <span class='ocrx_word' id='word_1_231' title='bbox 626 1767 764 1808; x_wconf 89' lang='lat' dir='ltr'>civium</span> <span class='ocrx_word' id='word_1_232' title='bbox 795 1766 976 1803; x_wconf 82' lang='lat' dir='ltr'>invidiam</span> <span class='ocrx_word' id='word_1_233' title='bbox 1006 1767 1184 1813; x_wconf 77' lang='lat' dir='ltr'>effugeret</span> <span class='ocrx_word' id='word_1_234' title='bbox 1211 1778 1280 1802; x_wconf 91' lang='lat' dir='ltr'>nec</span> <span class='ocrx_word' id='word_1_235' title='bbox 1301 1765 1393 1813; x_wconf 89' lang='lat' dir='ltr'>quid</span> 
     </span>
     <span class='ocr_line' id='line_1_27' title="bbox 105 1829 1393 1879; baseline -0.002 -12"><span class='ocrx_word' id='word_1_236' title='bbox 105 1830 299 1868; x_wconf 75' lang='lat' dir='ltr'>Artaxerxi</span> <span class='ocrx_word' id='word_1_237' title='bbox 337 1831 584 1879; x_wconf 88' lang='lat' dir='ltr'>polliceretur.</span> <span class='ocrx_word' id='word_1_238' title='bbox 643 1832 733 1867; x_wconf 93' lang='lat' dir='ltr'>Non</span> <span class='ocrx_word' id='word_1_239' title='bbox 771 1830 902 1868; x_wconf 86' lang='lat' dir='ltr'>fuisset</span> <span class='ocrx_word' id='word_1_240' title='bbox 939 1829 1001 1866; x_wconf 77' lang='lat' dir='ltr'>illa</span> <span class='ocrx_word' id='word_1_241' title='bbox 1037 1842 1112 1865; x_wconf 76' lang='lat' dir='ltr'>nox</span> <span class='ocrx_word' id='word_1_242' title='bbox 1148 1836 1224 1865; x_wconf 86' lang='lat' dir='ltr'>tam</span> <span class='ocrx_word' id='word_1_243' title='bbox 1257 1829 1393 1865; x_wconf 86' lang='lat' dir='ltr'>acerba</span> 
     </span>
     <span class='ocr_line' id='line_1_28' title="bbox 105 1891 1393 1942; baseline -0.002 -12"><span class='ocrx_word' id='word_1_244' title='bbox 105 1893 285 1931; x_wconf 87' lang='lat' dir='ltr'>Africano</span> <span class='ocrx_word' id='word_1_245' title='bbox 321 1893 600 1942; x_wconf 87' lang='lat' dir='ltr'>sapientissimo</span> <span class='ocrx_word' id='word_1_246' title='bbox 636 1894 726 1939; x_wconf 90' lang='lat' dir='ltr'>viro,</span> <span class='ocrx_word' id='word_1_247' title='bbox 757 1907 845 1938; x_wconf 70' lang='lat' dir='ltr'>non,</span> <span class='ocrx_word' id='word_1_248' title='bbox 865 1900 942 1930; x_wconf 91' lang='lat' dir='ltr'>tam</span> <span class='ocrx_word' id='word_1_249' title='bbox 976 1892 1077 1930; x_wconf 87' lang='lat' dir='ltr'>dirus</span> <span class='ocrx_word' id='word_1_250' title='bbox 1110 1891 1171 1928; x_wconf 88' lang='lat' dir='ltr'>ille</span> <span class='ocrx_word' id='word_1_251' title='bbox 1203 1891 1283 1929; x_wconf 84' lang='lat' dir='ltr'>dies</span> <span class='ocrx_word' id='word_1_252' title='bbox 1314 1893 1393 1928; x_wconf 88' lang='lat' dir='ltr'>Sul-</span> 
     </span>
     <span class='ocr_line' id='line_1_29' title="bbox 105 1956 1391 2003; baseline -0.002 -9"><span class='ocrx_word' id='word_1_253' title='bbox 105 1958 213 1994; x_wconf 80' lang='lat' dir='ltr'>lanus</span> <span class='ocrx_word' id='word_1_254' title='bbox 241 1956 485 1994; x_wconf 87' lang='lat' dir='ltr'>callidissimo</span> <span class='ocrx_word' id='word_1_255' title='bbox 514 1957 592 1994; x_wconf 85' lang='lat' dir='ltr'>viro</span> <span class='ocrx_word' id='word_1_256' title='bbox 622 1958 664 1995; x_wconf 93' lang='lat' dir='ltr'>C.</span> <span class='ocrx_word' id='word_1_257' title='bbox 689 1957 823 2001; x_wconf 90' lang='lat' dir='ltr'>Mario,</span> <span class='ocrx_word' id='word_1_258' title='bbox 850 1957 879 1994; x_wconf 88' lang='lat' dir='ltr'>si</span> <span class='ocrx_word' id='word_1_259' title='bbox 908 1956 1001 1993; x_wconf 91' lang='lat' dir='ltr'>nihil</span> <span class='ocrx_word' id='word_1_260' title='bbox 1031 1963 1232 2003; x_wconf 82' lang='lat' dir='ltr'>utrumque</span> <span class='ocrx_word' id='word_1_261' title='bbox 1260 1968 1391 1992; x_wconf 87' lang='lat' dir='ltr'>eorum</span> 
     </span>
    </p>
   </div>
   <div class='ocr_carea' id='block_1_3' title="bbox 107 2057 1394 2341">
    <p class='ocr_par' dir='ltr' id='par_1_3' title="bbox 107 2057 1394 2341">
     <span class='ocr_line' id='line_1_30' title="bbox 151 2057 1390 2096; baseline 0 -10"><span class='ocrx_word' id='word_1_262' title='bbox 151 2067 164 2085; x_wconf 90' lang='lat'>1</span> <span class='ocrx_word' id='word_1_263' title='bbox 191 2057 355 2095; x_wconf 83' lang='lat' dir='ltr'>adsequor</span> <span class='ocrx_word' id='word_1_264' title='bbox 370 2057 486 2087; x_wconf 73' lang='lat' dir='ltr'>Rosius</span> <span class='ocrx_word' id='word_1_265' title='bbox 501 2069 507 2087; x_wconf 92' lang='lat'>:</span> <span class='ocrx_word' id='word_1_266' title='bbox 539 2068 696 2095; x_wconf 77' lang='lat' dir='ltr'>assequar</span> <span class='ocrx_word' id='word_1_267' title='bbox 712 2057 797 2087; x_wconf 85' lang='lat' dir='ltr'>codd.</span> <span class='ocrx_word' id='word_1_268' title='bbox 950 2068 969 2095; x_wconf 85' lang='lat'><strong>3</strong></span> <span class='ocrx_word' id='word_1_269' title='bbox 993 2059 1129 2096; x_wconf 84' lang='lat' dir='ltr'>quadam</span> <span class='ocrx_word' id='word_1_270' title='bbox 1146 2057 1199 2087; x_wconf 86' lang='lat' dir='ltr'>Ms</span> <span class='ocrx_word' id='word_1_271' title='bbox 1213 2068 1219 2086; x_wconf 94' lang='lat'>:</span> <span class='ocrx_word' id='word_1_272' title='bbox 1250 2057 1390 2095; x_wconf 84' lang='lat' dir='ltr'>quedam</span> 
     </span>
     <span class='ocr_line' id='line_1_31' title="bbox 109 2099 1390 2137; baseline -0.001 -8"><span class='ocrx_word' id='word_1_273' title='bbox 109 2099 205 2129; x_wconf 77' lang='lat' dir='ltr'>ORP</span> <span class='ocrx_word' id='word_1_274' title='bbox 329 2110 347 2137; x_wconf 89' lang='lat'><strong>4</strong></span> <span class='ocrx_word' id='word_1_275' title='bbox 371 2099 450 2129; x_wconf 85' lang='lat' dir='ltr'>Atto</span> <span class='ocrx_word' id='word_1_276' title='bbox 470 2100 588 2130; x_wconf 73' lang='lat' dir='ltr'>Orelli:</span> <span class='ocrx_word' id='word_1_277' title='bbox 621 2100 733 2129; x_wconf 87' lang='lat' dir='ltr'>Attico</span> <span class='ocrx_word' id='word_1_278' title='bbox 751 2099 835 2130; x_wconf 79' lang='lat' dir='ltr'>codd.</span> <span class='ocrx_word' id='word_1_279' title='bbox 978 2102 997 2129; x_wconf 89' lang='lat'>6</span> <span class='ocrx_word' id='word_1_280' title='bbox 1020 2110 1063 2129; x_wconf 93' lang='lat' dir='ltr'>V1.</span> <span class='ocrx_word' id='word_1_281' title='bbox 1078 2110 1125 2129; x_wconf 83' lang='lat' dir='ltr'>vu</span> <span class='ocrx_word' id='word_1_282' title='bbox 1143 2099 1232 2129; x_wconf 82' lang='lat' dir='ltr'>Man.</span> <span class='ocrx_word' id='word_1_283' title='bbox 1251 2111 1256 2128; x_wconf 75' lang='grc' dir='ltr'><strong>ε</strong></span> <span class='ocrx_word' id='word_1_284' title='bbox 1293 2104 1327 2129; x_wconf 89' lang='lat' dir='ltr'>ut</span> <span class='ocrx_word' id='word_1_285' title='bbox 1344 2099 1390 2129; x_wconf 85' lang='lat' dir='ltr'>uti</span> 
     </span>
     <span class='ocr_line' id='line_1_32' title="bbox 107 2141 1390 2181; baseline -0.001 -10"><span class='ocrx_word' id='word_1_286' title='bbox 107 2141 191 2171; x_wconf 86' lang='lat' dir='ltr'>codd.</span> <span class='ocrx_word' id='word_1_287' title='bbox 340 2151 377 2172; x_wconf 94' lang='lat'>10</span> <span class='ocrx_word' id='word_1_288' title='bbox 400 2146 511 2171; x_wconf 88' lang='lat' dir='ltr'>utetur</span> <span class='ocrx_word' id='word_1_289' title='bbox 528 2142 650 2180; x_wconf 78' lang='lat' dir='ltr'>Kayser</span> <span class='ocrx_word' id='word_1_290' title='bbox 744 2143 765 2171; x_wconf 92' lang='lat' dir='ltr'>ii</span> <span class='ocrx_word' id='word_1_291' title='bbox 783 2166 789 2171; x_wconf 94' lang='lat'>.</span> <span class='ocrx_word' id='word_1_292' title='bbox 804 2166 811 2172; x_wconf 90' lang='lat'>.</span> <span class='ocrx_word' id='word_1_293' title='bbox 826 2165 832 2172; x_wconf 89' lang='lat'><strong>.</strong></span> <span class='ocrx_word' id='word_1_294' title='bbox 849 2141 868 2170; x_wconf 87' lang='lat' dir='ltr'>ii</span> <span class='ocrx_word' id='word_1_295' title='bbox 886 2141 1022 2181; x_wconf 65' lang='lat' dir='ltr'>Madwg</span> <span class='ocrx_word' id='word_1_296' title='bbox 1036 2142 1206 2171; x_wconf 70' lang='lat' dir='ltr'>Lehmann</span> <span class='ocrx_word' id='word_1_297' title='bbox 1222 2153 1228 2171; x_wconf 89' lang='lat'>:</span> <span class='ocrx_word' id='word_1_298' title='bbox 1252 2142 1277 2171; x_wconf 88' lang='lat' dir='ltr'>si</span> <span class='ocrx_word' id='word_1_299' title='bbox 1295 2165 1301 2171; x_wconf 92' lang='lat'><strong>.</strong></span> <span class='ocrx_word' id='word_1_300' title='bbox 1315 2164 1323 2171; x_wconf 91' lang='lat'>.</span> <span class='ocrx_word' id='word_1_301' title='bbox 1339 2165 1346 2171; x_wconf 90' lang='lat'><strong>.</strong></span> <span class='ocrx_word' id='word_1_302' title='bbox 1363 2141 1390 2170; x_wconf 91' lang='lat' dir='ltr'>si</span> 
     </span>
     <span class='ocr_line' id='line_1_33' title="bbox 107 2183 1393 2224; baseline 0.001 -12"><span class='ocrx_word' id='word_1_303' title='bbox 107 2183 246 2213; x_wconf 83' lang='lat' dir='ltr'>M10P:</span> <span class='ocrx_word' id='word_1_304' title='bbox 270 2184 296 2213; x_wconf 84' lang='lat' dir='ltr'>si</span> <span class='ocrx_word' id='word_1_305' title='bbox 314 2184 335 2213; x_wconf 90' lang='lat' dir='ltr'>ii</span> <span class='ocrx_word' id='word_1_306' title='bbox 352 2207 360 2214; x_wconf 89' lang='lat'><strong>.</strong></span> <span class='ocrx_word' id='word_1_307' title='bbox 376 2207 383 2214; x_wconf 92' lang='lat'>.</span> <span class='ocrx_word' id='word_1_308' title='bbox 397 2206 405 2214; x_wconf 83' lang='lat'><strong>.</strong></span> <span class='ocrx_word' id='word_1_309' title='bbox 421 2185 447 2213; x_wconf 88' lang='lat' dir='ltr'>si</span> <span class='ocrx_word' id='word_1_310' title='bbox 464 2185 484 2213; x_wconf 89' lang='lat' dir='ltr'>ii</span> <span class='ocrx_word' id='word_1_311' title='bbox 502 2184 572 2214; x_wconf 69' lang='lat' dir='ltr'>M2’s</span> <span class='ocrx_word' id='word_1_312' title='bbox 587 2185 673 2224; x_wconf 80' lang='lat' dir='ltr'><em>vulg.</em></span> <span class='ocrx_word' id='word_1_313' title='bbox 800 2194 835 2221; x_wconf 90' lang='lat'>17</span> <span class='ocrx_word' id='word_1_314' title='bbox 860 2183 985 2222; x_wconf 81' lang='lat' dir='ltr'>aliquid</span> <span class='ocrx_word' id='word_1_315' title='bbox 997 2184 1138 2213; x_wconf 76' lang='lat' dir='ltr'>excidisse</span> <span class='ocrx_word' id='word_1_316' title='bbox 1147 2188 1221 2223; x_wconf 82' lang='lat' dir='ltr'>post</span> <span class='ocrx_word' id='word_1_317' title='bbox 1235 2194 1285 2213; x_wconf 90' lang='lat' dir='ltr'>me</span> <span class='ocrx_word' id='word_1_318' title='bbox 1297 2187 1393 2223; x_wconf 78' lang='lat' dir='ltr'>putat</span> 
     </span>
     <span class='ocr_line' id='line_1_34' title="bbox 107 2225 1391 2265; baseline 0.001 -11"><span class='ocrx_word' id='word_1_319' title='bbox 107 2225 279 2256; x_wconf 79' lang='lat' dir='ltr'>Lehmann</span> <span class='ocrx_word' id='word_1_320' title='bbox 294 2227 378 2256; x_wconf 82' lang='lat' dir='ltr'>velut</span> <span class='ocrx_word' id='word_1_321' title='bbox 393 2226 414 2255; x_wconf 88' lang='lat' dir='ltr'>ii</span> <span class='ocrx_word' id='word_1_322' title='bbox 431 2227 607 2256; x_wconf 87' lang='lat' dir='ltr'>movebunt</span> <span class='ocrx_word' id='word_1_323' title='bbox 624 2227 679 2265; x_wconf 87' lang='lat' dir='ltr'>qui</span> <span class='ocrx_word' id='word_1_324' title='bbox 700 2226 805 2255; x_wconf 82' lang='lat' dir='ltr'>virum</span> <span class='ocrx_word' id='word_1_325' title='bbox 830 2226 956 2265; x_wconf 85' lang='lat' dir='ltr'>sortem⁷</span> <span class='ocrx_word' id='word_1_326' title='bbox 972 2229 1043 2256; x_wconf 75' lang='lat' dir='ltr'>tum</span> <span class='ocrx_word' id='word_1_327' title='bbox 1066 2227 1160 2264; x_wconf 83' lang='lat' dir='ltr'>legere</span> <span class='ocrx_word' id='word_1_328' title='bbox 1178 2227 1294 2265; x_wconf 75' lang='lat' dir='ltr'>poteris</span> <span class='ocrx_word' id='word_1_329' title='bbox 1316 2236 1391 2256; x_wconf 89' lang='lat' dir='ltr'>cen-</span> 
     </span>
     <span class='ocr_line' id='line_1_35' title="bbox 108 2268 1394 2307; baseline 0.001 -10"><span class='ocrx_word' id='word_1_330' title='bbox 108 2272 246 2298; x_wconf 88' lang='lat' dir='ltr'>suerunt</span> <span class='ocrx_word' id='word_1_331' title='bbox 353 2269 385 2298; x_wconf 91' lang='lat' dir='ltr'>in</span> <span class='ocrx_word' id='word_1_332' title='bbox 410 2278 469 2298; x_wconf 88' lang='lat' dir='ltr'>suo</span> <span class='ocrx_word' id='word_1_333' title='bbox 494 2269 613 2298; x_wconf 86' lang='lat' dir='ltr'>lectulo</span> <span class='ocrx_word' id='word_1_334' title='bbox 637 2268 694 2298; x_wconf 84' lang='lat' dir='ltr'>del.</span> <span class='ocrx_word' id='word_1_335' title='bbox 711 2268 899 2307; x_wconf 77' lang='lat' dir='ltr'>Nipperdey:</span> <span class='ocrx_word' id='word_1_336' title='bbox 932 2268 964 2296; x_wconf 90' lang='lat' dir='ltr'>in</span> <span class='ocrx_word' id='word_1_337' title='bbox 992 2278 1066 2298; x_wconf 85' lang='lat' dir='ltr'>meo</span> <span class='ocrx_word' id='word_1_338' title='bbox 1089 2268 1208 2298; x_wconf 87' lang='lat' dir='ltr'>lectulo</span> <span class='ocrx_word' id='word_1_339' title='bbox 1233 2268 1394 2298; x_wconf 74' lang='lat' dir='ltr'>Corradus</span> 
     </span>
     <span class='ocr_line' id='line_1_36' title="bbox 112 2304 1391 2341; baseline 0.002 -2"><span class='ocrx_word' id='word_1_340' title='bbox 112 2311 149 2339; x_wconf 85' lang='lat'>18</span> <span class='ocrx_word' id='word_1_341' title='bbox 172 2311 341 2340; x_wconf 85' lang='lat' dir='ltr'>censueris</span> <span class='ocrx_word' id='word_1_342' title='bbox 371 2310 422 2340; x_wconf 88' lang='lat' dir='ltr'>P:</span> <span class='ocrx_word' id='word_1_343' title='bbox 460 2315 660 2340; x_wconf 88' lang='lat' dir='ltr'>censuerunt</span> <span class='ocrx_word' id='word_1_344' title='bbox 685 2310 824 2341; x_wconf 78' lang='lat' dir='ltr'>ORMs:</span> <span class='ocrx_word' id='word_1_345' title='bbox 861 2311 1050 2340; x_wconf 88' lang='lat' dir='ltr'>censuerint</span> <span class='ocrx_word' id='word_1_346' title='bbox 1066 2304 1113 2339; x_wconf 83' lang='lat' dir='ltr'>Zb</span> <span class='ocrx_word' id='word_1_347' title='bbox 1255 2311 1287 2340; x_wconf 92' lang='lat' dir='ltr'>in</span> <span class='ocrx_word' id='word_1_348' title='bbox 1318 2309 1391 2341; x_wconf 83' lang='lat' dir='ltr'>add.</span> 
     </span>
    </p>
   </div>
   <div class='ocr_carea' id='block_1_4' title="bbox 109 2352 1392 2435">
    <p class='ocr_par' dir='ltr' id='par_1_4' title="bbox 109 2352 1392 2435">
     <span class='ocr_line' id='line_1_37' title="bbox 114 2352 1392 2393; baseline 0 -12"><span class='ocrx_word' id='word_1_349' title='bbox 114 2352 296 2392; x_wconf 82' lang='lat' dir='ltr'>Wesenberg</span> <span class='ocrx_word' id='word_1_350' title='bbox 471 2362 512 2390; x_wconf 83' lang='lat'>23</span> <span class='ocrx_word' id='word_1_351' title='bbox 535 2352 625 2393; x_wconf 81' lang='grc' dir='ltr'>ἑώρα]</span> <span class='ocrx_word' id='word_1_352' title='bbox 642 2352 778 2392; x_wconf 78' lang='grc' dir='ltr'>προεώρα</span> <span class='ocrx_word' id='word_1_353' title='bbox 797 2353 826 2383; x_wconf 92' lang='grc' dir='ltr'><em>Ο</em></span> <span class='ocrx_word' id='word_1_354' title='bbox 848 2352 1038 2391; x_wconf 78' lang='lat' dir='ltr'>Thucydides</span> <span class='ocrx_word' id='word_1_355' title='bbox 1054 2353 1072 2383; x_wconf 80' lang='lat' dir='ltr'>i.</span> <span class='ocrx_word' id='word_1_356' title='bbox 1092 2353 1159 2390; x_wconf 78' lang='lat'>138.</span> <span class='ocrx_word' id='word_1_357' title='bbox 1176 2352 1229 2382; x_wconf 75' lang='lat' dir='ltr'>sed</span> <span class='ocrx_word' id='word_1_358' title='bbox 1245 2352 1274 2381; x_wconf 91' lang='lat' dir='ltr'>O</span> <span class='ocrx_word' id='word_1_359' title='bbox 1290 2356 1392 2382; x_wconf 80' lang='lat' dir='ltr'>totum</span> 
     </span>
     <span class='ocr_line' id='line_1_38' title="bbox 109 2393 717 2435; baseline 0.003 -12"><span class='ocrx_word' id='word_1_360' title='bbox 109 2393 211 2424; x_wconf 82' lang='lat' dir='ltr'>Iocum</span> <span class='ocrx_word' id='word_1_361' title='bbox 228 2405 266 2425; x_wconf 81' lang='lat' dir='ltr'>ex</span> <span class='ocrx_word' id='word_1_362' title='bbox 280 2397 363 2425; x_wconf 77' lang='lat' dir='ltr'>textu</span> <span class='ocrx_word' id='word_1_363' title='bbox 386 2394 575 2435; x_wconf 77' lang='lat' dir='ltr'>Thucydidis</span> <span class='ocrx_word' id='word_1_364' title='bbox 592 2394 717 2434; x_wconf 69' lang='lat' dir='ltr'>refinxit</span> 
     </span>
    </p>
   </div>
  </div>
 </body>
</html>
