1590 2730
500 161 610 198 EPP.
639 161 715 198 AD
743 163 994 201 ATTICVM
1357 167 1404 203 X.
1421 166 1496 203 viii

108 267 300 306 scribendi
331 265 412 305 fieri
440 274 591 316 tempus
622 281 713 306 esse.
771 270 847 307 Sed
880 283 967 307 cum
997 272 1047 308 ad
1080 284 1141 308 me
1170 285 1282 320 saepe
1311 286 1395 310 mea

107 330 234 368 Tullia
261 329 400 369 scribat
418 343 529 368 orans
552 338 594 368 ut
614 331 706 379 quid
732 330 771 368 in
792 331 981 381 Hispania
1006 341 1153 381 geratur
1179 342 1391 382 exspectem

107 401 146 432 et
173 407 322 443 semper
348 393 539 432 adscribat
566 392 670 430 idem
697 393 815 430 videri
844 394 911 432 tibi
944 395 1061 444 idque
1090 396 1170 444 ipse
1203 396 1315 433 etiam
1350 411 1394 434 ex

107 456 181 494 tuis
210 455 340 494 litteris
368 456 627 502 intellexerim,
657 469 735 494 non
761 464 854 505 puto
883 471 966 494 esse
993 458 1161 496 alienum
1189 472 1251 497 me
1279 460 1328 497 ad
1356 467 1392 497 te

71 530 87 561 5
107 519 200 568 quid
219 521 268 558 de
288 533 332 558 ea
350 532 389 557 re
408 519 568 557 sentiam
589 518 761 557 scribere.

159 581 371 620 Consilium
400 582 501 620 istud
529 589 620 619 tunc
649 590 747 619 esset
775 584 951 631 prudens
981 591 1022 620 ut
1051 584 1144 621 mihi
1172 584 1329 630 videtur,
1361 585 1389 622 si
1410 598 1434 625 2

105 651 252 682 nostras
288 644 452 682 rationes
488 646 538 683 ad
570 644 868 693 Hispaniensem
902 659 1032 683 casum
1065 648 1390 685 accommodaturi

106 720 298 754 essemus3
336 708 440 756 quod
470 707 549 745 fieri
577 736 585 745 .
617 737 624 745 .
656 737 664 745 .
695 709 863 745 Necesse
895 716 951 746 est
981 709 1084 746 enim
1117 718 1191 756 aut,
1220 710 1258 747 id
1287 712 1392 759 quod

105 769 268 807 maxime
283 769 413 817 'velim,
433 770 521 819 pelli
547 769 661 808 istum
689 771 737 808 ab
759 771 948 820 Hispania
973 780 1037 808 aut
1063 773 1159 809 trahi
1185 772 1223 810 id
1249 774 1391 810 bellum

50 846 89 869 10
104 840 169 870 aut
201 832 325 879 istum,
358 841 399 871 ut
437 834 628 871 confidere
660 833 818 879 videtur,
851 836 1136 883 apprehendere
1170 836 1388 885 Hispanias.

105 896 143 933 Si
171 898 340 945 pelletur,
371 910 486 945 quam
518 904 644 945 gratus
673 904 738 934 aut
771 911 886 945 quam
920 899 1102 936 honestus
1133 906 1214 936 tum
1247 900 1314 937 erit
1341 901 1390 938 ad

104 959 331 1008 Pompeium
355 968 483 997 noster
508 962 704 1006 adventus,
735 973 823 997 curn
850 960 975 1010 ipsum
997 962 1204 1000 Curionem
1229 964 1278 1000 ad
1302 976 1389 1000 eum

103 1022 346 1060 transiturum
375 1024 535 1071 putem?
590 1023 655 1060 Sin
684 1023 841 1060 trahitur
869 1024 1022 1070 bellum,
1052 1025 1145 1073 quid
1174 1033 1388 1074 exspectem

59 1114 71 1121 .
102 1092 166 1122 aut
195 1099 309 1134 quam
338 1086 436 1124 diu?
491 1086 734 1135 Relinquitur
767 1095 817 1132 ut,
849 1086 878 1123 si
907 1087 1093 1124 vincimur
1120 1088 1159 1124 in
1190 1088 1387 1137 Hispania,

49 1162 84 1193 15
103 1149 352 1197 quiescamus.
412 1150 460 1187 Id
493 1163 563 1198 ego
597 1157 729 1187 contra
765 1158 868 1198 puto.
928 1152 1047 1187 Istum
1079 1152 1179 1188 enim
1209 1152 1389 1189 victorem

103 1213 220 1261 magis
241 1213 533 1261 relinquendum
550 1221 644 1261 puto
665 1226 779 1261 quam
793 1213 935 1250 victum
956 1222 992 1251 et
1013 1214 1251 1252 dubitantem
1273 1215 1390 1263 magis

102 1289 216 1324 quam
246 1277 428 1314 fidentem
458 1276 535 1314 suis
568 1277 690 1314 rebus.
749 1278 848 1313 Nam
879 1279 1036 1315 caedem
1066 1278 1177 1315 video
1207 1278 1236 1314 si
1262 1278 1390 1315 vicerit

102 1347 139 1377 et
165 1340 349 1390 impetum
377 1340 416 1377 in
440 1340 669 1389 privatorum
700 1340 881 1388 pecunias
908 1348 944 1377 et
970 1342 1141 1378 exsulum
1167 1341 1329 1378 reditum
1353 1348 1390 1379 et

103 1404 249 1441 tabulas
282 1418 400 1442 novas
435 1413 471 1442 et
510 1403 812 1452 turpissimorum
852 1404 1016 1441 honores
1052 1411 1088 1441 et
1121 1417 1276 1452 regnum
1310 1417 1389 1441 non

11 1466 14 1467 ⁷
46 1477 84 1499 20
102 1469 219 1505 niodo
252 1470 430 1507 Romano
468 1468 614 1505 homini
653 1469 719 1505 sed
758 1481 805 1504 ne
845 1469 979 1504 Persae
1017 1467 1170 1516 quidem
1210 1468 1386 1516 cuiquam

101 1532 305 1570 tolerabile.
341 1533 508 1570 *Tacita
549 1546 630 1570 esse
675 1531 811 1580 poterit
858 1531 1060 1579 indignitas
1104 1533 1265 1568 nostra?
1310 1531 1428 1579 pati3

100 1603 278 1644 poterunt
306 1596 406 1634 oculi
436 1610 496 1634 me
525 1610 611 1634 cum
634 1595 799 1633 Gabinio
828 1594 1054 1632 sententiani
1084 1595 1218 1639 dicere,
1246 1602 1281 1632 et
1310 1595 1388 1642 qui-

100 1660 188 1696 dem
217 1660 323 1696 illum
353 1660 472 1708 rogari
501 1660 635 1708 prius?
672 1668 821 1708 praesto
850 1671 931 1695 esse
961 1658 1137 1695 clientem
1167 1665 1273 1694 tuum
1304 1659 1389 1696 Clo-

101 1722 217 1769 dium,
259 1724 300 1761 C.
341 1722 428 1760 Atei
466 1722 711 1771 Plaguleium‚
753 1723 933 1759 ceteros?
988 1722 1062 1758 Sed
1106 1734 1171 1758 cur
1214 1720 1388 1757 inimicos

44 1793 82 1825 25
101 1785 262 1835 conligo,
295 1785 360 1834 qui
393 1799 514 1824 meos.
536 1785 768 1823 necessarios
802 1799 823 1822 a
856 1798 917 1822 me
951 1785 1128 1822 defensos
1161 1797 1232 1821 nec
1262 1784 1388 1821 videre

99 1847 138 1885 in
171 1848 273 1886 curia
302 1849 383 1886 sine
416 1850 548 1886 dolore
586 1862 657 1886 nec
687 1848 823 1886 versari
861 1847 957 1886 inter
987 1861 1052 1885 eos
1086 1847 1166 1884 sine
1199 1848 1388 1884 dedecore

98 1914 263 1960 potero?
317 1911 422 1960 Quid
461 1912 490 1949 si
521 1925 569 1949 ne
602 1911 641 1949 id
673 1911 829 1960 quidem
868 1919 924 1948 est
962 1913 1197 1959 exploratum
1235 1911 1313 1947 fore
1346 1917 1387 1946 ut

98 1975 190 2012 mihi
210 1976 351 2013 liceat?
406 1976 583 2013 Scribunt
603 1976 705 2013 enim
731 1977 780 2013 ad
807 1988 868 2012 me
894 1974 1006 2011 amici
1027 1974 1107 2012 eius
1128 1987 1188 2010 me
1209 1973 1261 2010 illi
1281 1974 1385 2010 nullo

97 2040 215 2076 modo
235 2038 323 2076 satis
342 2038 476 2076 fecisse
492 2040 596 2087 quod
616 2038 654 2075 in
675 2046 847 2075 senatum
869 2051 946 2075 non
962 2037 1140 2074 venerim.
1186 2038 1384 2073 Tamenne

41 2110 80 2141 30
97 2101 316 2139 dubitemus
344 2115 392 2139 an
422 2101 455 2139 ei
484 2115 554 2139 nos
578 2101 691 2138 etiam
719 2114 805 2138 cum
833 2101 1000 2149 periculo
1028 2099 1278 2144 venditemus,
1306 2099 1385 2147 qui-

97 2223 101 2227 -
139 2203 158 2232 8
181 2203 212 2232 in
236 2202 349 2232 lacuna
372 2201 444 2232 add.
473 2212 539 2231 non
566 2202 663 2231 debet
689 2201 756 2231 Pl:
793 2211 856 2230 non
884 2210 1019 2229 necesse
1046 2204 1095 2228 est
1121 2200 1237 2228 Orelli:
1270 2199 1383 2236 nequit

95 2244 182 2274 Koclz
201 2256 207 2274 :
233 2255 292 2274 nec
309 2245 481 2274 honesturn
499 2249 548 2273 est
565 2254 626 2273 nec
644 2249 747 2273 tutum
764 2242 935 2271 Lehmann
1061 2251 1096 2279 13
1122 2241 1179 2271 Sin
1196 2240 1310 2270 Lamb.
1326 2251 1332 2269 :
1357 2241 1382 2269 si

98 2286 294 2316 O2RPM2s:
319 2287 346 2316 si
363 2296 434 2316 cum
454 2285 550 2316 O¹M¹
565 2297 570 2315 :
597 2286 623 2316 si
641 2290 754 2315 contra
770 2284 919 2314 Scl1m1dt
1101 2285 1139 2313 16
1163 2283 1210 2323 et]
1229 2293 1289 2313 nec
1306 2282 1381 2314 coni.

96 2328 288 2368 Frederkt'ng
415 2338 452 2358 21
479 2329 592 2358 Tacita
608 2327 693 2358 codd.
708 2327 792 2367 vulg.
811 2338 816 2356 :
841 2326 946 2356 Tanta
962 2323 1002 2354 Zl
1019 2325 1101 2355 Boot
