1590 2730
527 131 635 166 EPP.
666 131 742 166 AD
771 125 1021 169 ATTICVM
1326 133 1418 170 XII.
1437 132 1511 168 xiv

129 236 319 275 interdum
357 236 450 274 mihi
487 249 645 285 peccare
679 236 819 283 videor,
854 237 1045 276 interdum
1079 246 1302 287 peccaturus
1335 252 1417 277 esse

127 300 200 339 nisi
225 300 371 337 faciam.
429 299 604 337 Solitudo
629 299 775 348 aliquid
801 300 965 345 adiuvat,
988 303 1055 338 sed
1082 303 1202 339 multo
1226 303 1310 350 plus
1336 315 1418 351 pro-

128 364 266 410 ficeret,
299 363 329 400 si
358 370 398 400 tu
427 370 555 400 tamen
584 362 795 400 interesses.
855 364 964 410 Quae
993 364 1086 400 mihi
1116 378 1192 401 una
1220 378 1333 402 causa
1361 373 1417 403 est

127 426 217 464 hinc
249 426 498 473 discedendi3
538 438 627 463 nam
660 438 728 474 pro
762 425 870 462 malis
904 434 1005 463 recte
1038 427 1216 463 habebat.
1275 429 1417 474 Quam-

91 503 107 534 5
127 503 241 539 quam
271 491 313 528 id
338 489 463 538 ipsum
491 490 615 526 doleo.
674 490 763 526 Non
797 488 899 525 enim
930 489 1005 525 iam
1040 489 1079 525 in
1110 503 1171 527 me
1202 489 1305 527 idem
1334 504 1416 528 esse

126 552 277 602 poteris.
335 552 530 589 Perierunt
550 552 612 588 illa
632 564 730 599 quae
748 552 915 588 amabas.

181 617 240 653 De
268 615 374 653 Bruti
399 616 448 652 ad
475 627 536 651 me
562 613 693 651 litteris
723 614 853 662 scripsi
881 615 931 651 ad
959 621 996 652 te
1024 622 1146 652 antea.
1205 617 1414 653 Prudenter
1431 623 1458 660 4

126 678 297 727 scriptae,
320 679 387 715 sed
407 677 501 714 nihil
521 677 626 725 quod
647 690 708 714 me
726 677 959 714 adiuvarent.
1004 678 1121 724 Quod
1141 680 1190 715 ad
1211 686 1247 715 te
1267 678 1414 727 scripsit

126 741 165 779 id
185 743 331 787 vellem,
354 748 395 778 ut
415 740 496 788 ipse
515 741 676 777 adesset.
735 741 848 777 Certe
874 740 1028 788 aliquid,
1051 740 1233 788 quoniam
1254 755 1314 778 me
1335 749 1412 779 tam

70 818 108 841 10
125 805 235 842 valde
263 811 375 849 amat,
404 803 609 840 adiuvaret.
667 804 785 849 Quod
811 803 841 840 si
866 803 958 851 quid
985 803 1091 849 scieS,
1114 804 1254 841 scribas
1281 806 1328 841 ad
1353 818 1414 842 me

126 867 249 914 velim,
285 866 448 903 maxime
480 872 609 903 autem
643 867 768 902 Pansa
799 867 966 914 quando.
1040 868 1098 904 De
1128 866 1255 904 Attica
1287 869 1411 913 doleo,

126 932 240 968 credo
261 937 389 967 tamen
409 930 577 967 Cratero.
633 928 768 967 Piliam
788 929 874 978 angi
889 937 984 967 veta.
1043 930 1140 967 Satis
1160 938 1216 968 est
1236 943 1296 968 me
1317 943 1415 969 mae-

126 1007 205 1031 rere
225 1006 293 1042 pro
313 993 502 1031 omnibus.

166 1095 249 1131 XV
372 1100 374 1102 ’
421 1100 487 1131 Scr.
507 1100 650 1131 Asturae
667 1100 767 1130 viz’Id.
789 1098 886 1129 Mart.
907 1109 935 1129 a.
958 1110 1015 1138 709
1033 1100 1110 1139 (45).

70 1185 105 1226 '15
521 1175 688 1206 CICERO
716 1174 892 1205 ATTICO
920 1173 1024 1205 SAL.

176 1255 293 1303 Apud
313 1253 557 1302 Appuleium,
587 1251 769 1301 quoniam
795 1251 834 1288 in
860 1257 1085 1300 perpetuum
1113 1264 1190 1288 non
1217 1253 1350 1300 placet,
1372 1251 1411 1288 in

124 1317 205 1354 dies
229 1324 271 1354 ut
296 1329 452 1354 excuser
476 1315 633 1354 videbis.
693 1316 738 1352 In
768 1315 839 1351 hac
868 1313 1073 1351 solitudine
1102 1326 1212 1351 careo
1238 1313 1410 1351 omnium

124 1378 341 1428 conloquio,
364 1392 530 1427 cumque
557 1391 669 1416 mane
696 1391 756 1414 me
782 1376 821 1413 in
847 1376 979 1413 silvam
1003 1376 1165 1413 abstrusi
1189 1377 1348 1414 densam
1374 1384 1411 1414 et

123 1455 307 1491 asperam,
342 1455 420 1479 non
454 1455 547 1480 exeo
585 1441 673 1478 inde
710 1447 798 1477 ante
834 1453 1045 1488 vesperum.
1116 1440 1336 1477 Secundum
1374 1447 1411 1478 te

67 1522 107 1543 20
124 1506 218 1543 nihil
238 1514 294 1544 est
315 1506 407 1543 mihi
427 1505 586 1543 amicius
605 1504 822 1541 solitudine.
881 1505 927 1540 In
948 1516 992 1540 ea
1019 1502 1111 1539 mihi
1135 1503 1259 1539 omnis
1286 1516 1410 1540 sermo

123 1577 179 1607 est
199 1583 286 1607 cum
307 1569 448 1607 litteris.
493 1570 593 1606 Eum
613 1575 742 1604 tamen
762 1567 975 1615 interpellat
995 1567 1104 1603 fletus
1122 1580 1131 1611 3
1159 1565 1220 1603 cui
1240 1579 1409 1614 repugno

121 1633 250 1681 quoad
283 1645 450 1681 possum,
486 1632 553 1669 sed
585 1632 712 1668 adhuc
744 1643 852 1678 pares
885 1643 964 1666 non
1001 1642 1142 1665 sumus.
1200 1630 1328 1674 Bruto,
1368 1635 1408 1665 ut

121 1697 269 1741 suades,
305 1695 519 1734 rescribam.
578 1695 652 1731 Eas
686 1693 826 1731 litteras
859 1706 940 1731 cras
973 1692 1143 1730 habebis.
1201 1692 1301 1730 Cum
1338 1691 1407 1729 erit

120 1757 182 1796 cui
210 1760 288 1805 des,
319 1758 438 1796 dabis.

65 1865 101 1897 ²5
162 1861 268 1895 XVI
436 1863 506 1894 Scr.
522 1863 663 1892 Asturae
678 1861 771 1892 vild.
788 1861 884 1891 Mart.
905 1872 933 1891 a.
958 1871 1013 1899 709
1032 1860 1110 1901 (45).

514 1937 678 1969 CICERO
707 1936 880 1967 ATTICO
908 1935 1010 1966 SAL.

170 2017 228 2054 Te
258 2015 331 2053 tuis
361 2014 522 2064 negotiis
555 2013 692 2051 relictis
724 2014 814 2050 nolo
844 2014 893 2050 ad
924 2025 985 2049 me
1013 2011 1153 2057 venire,
1180 2024 1250 2059 ego
1278 2010 1403 2060 potius

118 2080 310 2124 accedam,
342 2078 372 2115 si
401 2078 544 2115 diutius
574 2076 791 2125 impediere.
851 2075 932 2112 Etsi
961 2088 1009 2112 ne
1037 2074 1296 2111 discessissem
1325 2074 1404 2122 qui-

161 2191 179 2218 4
203 2180 360 2209 habebam
377 2179 451 2208 coni.
472 2177 591 2207 Mz't'ller
744 2186 762 2214 5
788 2177 819 2206 id
835 2176 908 2206 add.
925 2175 1040 2205 Lamb.
1192 2177 1211 2204 8
1234 2174 1403 2205 adiuvaret

117 2222 290 2251 Ascensius
373 2231 394 2259 9
408 2221 526 2250 vellem
546 2219 590 2250 C:
612 2219 697 2249 velle
714 2218 754 2248 M
848 2228 884 2247 12
907 2222 989 2248 veta.
1017 2217 1104 2247 Satis
1120 2221 1169 2246 est
1186 2227 1238 2246 me
1255 2226 1402 2246 maerere

117 2257 185 2293 ZlL
204 2263 344 2304 (marg.)
359 2274 365 2292 :
389 2263 520 2293 vetabat
535 2263 562 2292 is
579 2267 628 2292 est
646 2271 771 2291 merere
789 2264 841 2291 ΣΔ
969 2260 1014 2293 18,
1032 2269 1071 2288 22
1095 2269 1146 2288 me
1168 2262 1195 2288 et
1214 2260 1319 2289 adhuc
1335 2269 1398 2291 om.

118 2306 157 2336 M
162 2306 173 2323 ¹
258 2307 299 2336 28
322 2306 544 2336 discessissem
562 2304 607 2335 Ps
624 2303 758 2334 Rosius:
784 2302 999 2333 decessissem
1020 2300 1123 2332 ORM
