1590 2730
66 167 132 201 IX.
156 165 215 200 vii
522 165 576 201 M.
607 165 770 201 TVLLI
801 163 1096 202 CICERONIS

130 757 147 783 1

123 1827 146 1854 2

217 274 263 310 In
296 272 453 321 Epirum
485 273 590 320 quod
624 285 685 308 me
722 284 800 308 non
832 270 978 316 invitas,
1011 270 1191 308 comitem
1224 282 1303 307 non
1335 271 1451 308 mole-

163 341 273 381 stum,
308 334 530 372 subirascor.
588 335 664 372 Sed
696 335 789 371 vale.
847 334 948 370 Nam
981 340 1022 370 ut
1052 333 1121 370 tibi
1158 333 1446 380 ambulandum,

165 399 399 447 ungendum,
435 398 488 435 sic
522 397 615 434 mihi
648 396 929 434 dormiendum.
1007 395 1159 434 Etenim
1190 395 1335 434 litterae
1362 402 1450 434 tuae

165 461 258 498 mihi
278 474 457 500 somnum
477 462 692 499 attulerunt.

789 546 834 582 A.

427 623 492 654 scr.
512 623 637 654 Romae
652 624 685 654 υἱ
698 627 755 653 aut
769 634 788 653 v
803 623 851 654 Id.
872 623 970 655 Mart.
991 634 1019 654 a.
1039 633 1093 662 705
1106 624 1187 663 (49).

362 687 539 717 BALBVS
564 687 618 717 ET
642 687 803 717 OPPIVS
828 687 862 717 S.
889 687 928 718 D.
956 687 999 718 M.
1026 686 1256 717 CICERONI.

219 748 373 785 Nedum
405 746 604 784 hominum
639 746 853 793 humilium,
886 753 927 783 ut
957 759 1026 783 nos
1060 759 1201 792 sumus,
1237 747 1304 784 sed
1337 745 1451 783 etiam

164 809 485 858 amplissimorum
504 809 668 846 virorum
690 808 848 845 consilia
867 822 912 846 ex
931 816 1080 854 eventu,
1098 822 1176 846 non
1193 822 1238 846 ex
1256 810 1451 846 voluntate

164 886 186 909 a
216 873 406 922 plerisque
436 872 585 920 probari
620 873 753 909 solent.
811 873 959 909 Tamen
997 871 1080 910 freti
1117 879 1181 909 tua
1213 871 1450 909 humanitate

166 937 271 984 quod
309 935 545 973 verissimum
591 935 703 972 nobis
747 934 937 972 videbitur
977 936 1026 973 de
1064 947 1110 972 eo
1149 935 1254 983 quod
1292 936 1341 972 ad
1380 947 1450 972 nos

165 998 345 1048 scripsisti
382 998 450 1036 tibi
488 997 688 1035 consilium
726 997 913 1035 dabimus.
990 998 1109 1045 Quod
1149 997 1179 1034 si
1221 1011 1299 1035 non
1340 997 1450 1035 fuerit

164 1063 344 1111 prudens,
374 1068 412 1098 at
449 1068 549 1098 certe
586 1061 634 1098 ab
673 1061 818 1109 optima
848 1061 924 1097 fide
958 1068 994 1098 et
1025 1060 1171 1109 optimo
1208 1060 1336 1097 animo
1370 1074 1451 1109 pro-

164 1125 362 1163 ficiscetur.

217 1190 299 1226 Nos
329 1188 359 1225 si
388 1188 426 1225 id
456 1188 560 1236 quod
590 1194 719 1224 nostro
748 1186 890 1224 iudicio
912 1187 1113 1225 Caesarem
1135 1188 1256 1224 facere
1277 1194 1450 1235 oportere

164 1251 432 1296 existimamus,
456 1258 509 1296 ut,
529 1249 641 1287 simul
672 1251 837 1286 Romam
865 1249 1021 1295 venerit,
1044 1257 1129 1298 agat
1158 1251 1206 1287 de
1235 1250 1451 1287 reconcilia-

163 1315 267 1352 tione
299 1313 438 1362 gratiae
471 1326 561 1350 suae
599 1320 636 1349 et
675 1312 845 1361 Pompei,
882 1312 921 1349 id
956 1325 1043 1349 eum
1079 1314 1265 1350 facturum
1295 1326 1338 1350 ex
1367 1313 1450 1362 ipso

163 1377 484 1427 cognovissemus,
507 1383 543 1412 te
563 1375 701 1412 hortari
723 1388 794 1412 note
815 1376 1058 1412 desineremus
1078 1383 1119 1412 ut
1139 1377 1253 1413 velles
1274 1376 1318 1413 iis
1338 1377 1449 1414 rebus

163 1441 356 1485 interesse,
376 1451 453 1487 quo
482 1438 627 1475 facilius
655 1445 692 1475 et
722 1438 862 1476 maiore
897 1452 984 1475 cum
1020 1438 1203 1488 dignitate
1234 1452 1300 1488 per
1327 1448 1364 1477 te
1384 1440 1449 1488 qui

162 1504 311 1552 utrique
331 1516 370 1540 es
391 1502 617 1540 coniunctus
644 1515 701 1539 res
728 1510 807 1539 tota
836 1503 1030 1549 confieret,
1050 1510 1115 1540 aut
1138 1503 1168 1539 si
1197 1516 1242 1540 ex
1261 1503 1449 1540 contrario

163 1574 382 1616 putaremus
403 1566 605 1603 Caesarem
635 1565 673 1602 id
703 1578 781 1602 non
810 1566 997 1603 facturum
1029 1573 1066 1603 et
1095 1566 1208 1603 etiam
1238 1568 1332 1604 velle
1361 1580 1448 1604 cum

165 1629 351 1678 Pompeio
381 1629 523 1666 bellum
553 1641 681 1677 gerere
712 1628 904 1675 sciremus,
941 1642 1151 1678 numquam
1181 1629 1249 1667 tibi
1279 1632 1450 1668 suadere-

166 1706 249 1729 mus
282 1698 413 1729 contra
443 1690 638 1729 hominem
666 1691 810 1740 optime
840 1693 888 1729 de
917 1699 954 1730 te
983 1692 1159 1730 meritum
1191 1705 1296 1730 arma
1323 1695 1446 1739 ferres,

165 1755 274 1792 sicuti
303 1763 339 1792 te
369 1767 518 1803 semper
550 1754 738 1792 oravimus
771 1768 820 1792 ne
852 1762 984 1792 contra
1017 1756 1217 1793 Caesarem
1249 1768 1445 1804 pugnares.

165 1820 241 1856 Sed
261 1831 348 1855 cum
369 1818 482 1855 etiam
503 1831 604 1855 nunc
625 1818 717 1866 quid
738 1819 903 1855 facturus
925 1819 1063 1856 Caesar
1083 1818 1129 1855 sit
1159 1818 1275 1866 magis
1302 1818 1447 1867 opinari

164 1895 278 1930 quam
313 1881 407 1919 scire
428 1882 624 1930 possimus,
659 1895 738 1918 non
771 1894 973 1930 possumus
1004 1881 1075 1918 nisi
1109 1883 1192 1927 hoc,
1219 1895 1296 1918 non
1330 1881 1447 1919 videri

206 1994 223 2022 7
249 1993 282 2013 M.
298 1992 455 2013 c1CERON1
468 1983 556 2023 vulg.
572 1996 578 2014 :
603 1983 649 2013 M.
665 1983 783 2013 Cicero
796 1992 903 2012 meum
924 1981 976 2011 M¹
1079 1983 1098 2010 8
1123 1981 1249 2011 Nedum
1262 1981 1446 2021 M(mmg.)

162 2026 194 2055 in
211 2024 313 2055 Balbo
330 2025 540 2063 tolerandum,
561 2026 594 2064 cf.
613 2025 782 2054 Hellmutlz
805 2028 811 2042 ‘
828 2025 924 2054 Ueber
942 2023 990 2053 die
1012 2022 1151 2063 Spraclze
1173 2024 1225 2053 des
1241 2024 1377 2053 Balbus'
1390 2029 1444 2063 pp.

163 2078 244 2106 43-5
259 2079 265 2098 :
291 2078 398 2097 meum
411 2067 461 2096 M¹
479 2079 485 2097 :
511 2069 661 2097 nimirum
678 2067 785 2097 Hand
849 2066 994 2104 sedsort.
1010 2065 1233 2095 secludendum
1355 2067 1392 2096 18
1416 2072 1448 2096 te

163 2110 288 2140 hortari
314 2120 380 2139 non
406 2110 631 2139 desineremus
655 2109 809 2148 Madmgr:
835 2114 866 2138 te
883 2108 1006 2138 hortari
1029 2109 1253 2137 desineremus
1276 2108 1450 2138 Ascensz'us

165 2152 249 2182 Crat.
280 2152 395 2182 Lamh.
422 2153 479 2190 qui
498 2158 596 2191 snpra
615 2153 648 2190 (l.
678 2152 729 2189 15)
747 2151 828 2181 daut
850 2161 911 2181 nos
933 2150 1018 2180 nisi:
1042 2161 1105 2180 0111.
1133 2161 1198 2180 non
1221 2151 1448 2180 desineremus

165 2195 222 2224 M:
254 2198 324 2224 ante
341 2200 373 2224 te
390 2194 462 2224 add.
483 2195 676 2224 deberemus
696 2193 866 2223 Lehmann
1031 2202 1068 2221 21
1095 2193 1191 2222 etiam
1208 2191 1269 2221 ER
1284 2203 1290 2222 ε
1322 2197 1355 2222 te
1371 2192 1424 2221 M1
1439 2203 1446 2222 ε

164 2247 237 2266 eum
254 2236 327 2265 M2:
362 2236 416 2267 del.
440 2237 537 2267 Orelli
703 2246 742 2274 23
766 2234 894 2276 contra]
920 2240 954 2265 ut
978 2239 1091 2264 contra
1113 2233 1142 2263 L
1166 2235 1314 2274 (marg),
1340 2234 1446 2273 sedas.

163 2278 332 2308 Hellmutlz
346 2284 379 2318 p.
398 2288 436 2316 47
596 2279 681 2308 serre
704 2278 815 2308 Baiter
991 2278 1032 2306 26
1056 2277 1217 2315 possimus
1241 2276 1312 2307 add.
1329 2276 1446 2305 Ascen-

161 2322 249 2351 sins:
266 2321 435 2359 possimus,
451 2321 596 2351 scribere
613 2320 685 2351 add.
704 2319 895 2359 lVesmdmg,
912 2319 967 2349 sed
978 2319 1013 2358 ‘f-
1026 2319 1090 2351 xiii.
1107 2329 1156 2349 21.
1169 2329 1186 2349 2
1203 2322 1230 2350 el
1245 2318 1446 2350 Hcae'demann

165 2362 231 2394 ‘De
247 2363 409 2394 verbomm
425 2363 541 2404 ellipsis
556 2374 615 2394 usn
628 2363 634 2375 '
647 2368 678 2405 p.
693 2364 733 2394 68

1471 889 1509 911 10

1472 1199 1507 1230 ¹5

1469 1516 1508 1538 20

1467 1833 1504 1865 ²5
