<?xml version="1.0" encoding="UTF-8"?>
<!DOCTYPE html PUBLIC "-//W3C//DTD XHTML 1.0 Transitional//EN"
    "http://www.w3.org/TR/xhtml1/DTD/xhtml1-transitional.dtd">
<html xmlns="http://www.w3.org/1999/xhtml" xml:lang="en" lang="en">
 <head>
  <title>
</title>
<meta http-equiv="Content-Type" content="text/html;charset=utf-8" />
  <meta name='ocr-system' content='tesseract 3.04.00' />
  <meta name='ocr-capabilities' content='ocr_page ocr_carea ocr_par ocr_line ocrx_word'/>
</head>
<body>
  <div class='ocr_page' id='page_1' title='image "./mtulliciceronise00cice_0228.png"; bbox 0 0 1810 2745; ppageno 0'>
   <div class='ocr_carea' id='block_1_1' title="bbox 160 142 1238 182">
    <p class='ocr_par' dir='ltr' id='par_1_1' title="bbox 160 142 1238 182">
     <span class='ocr_line' id='line_1_1' title="bbox 160 142 1238 182; baseline 0.004 -5"><span class='ocrx_word' id='word_1_1' title='bbox 160 142 267 178; x_wconf 91' lang='lat' dir='ltr'><strong>XIV.</strong></span> <span class='ocrx_word' id='word_1_2' title='bbox 286 142 375 178; x_wconf 84' lang='lat' dir='ltr'>xvii</span> <span class='ocrx_word' id='word_1_3' title='bbox 664 144 716 180; x_wconf 91' lang='lat' dir='ltr'>M.</span> <span class='ocrx_word' id='word_1_4' title='bbox 748 144 911 180; x_wconf 90' lang='lat' dir='ltr'>TVLLI</span> <span class='ocrx_word' id='word_1_5' title='bbox 942 144 1238 182; x_wconf 90' lang='lat' dir='ltr'>CICERONIS</span> 
     </span>
    </p>
   </div>
   <div class='ocr_carea' id='block_1_2' title="bbox 303 249 1590 412">
    <p class='ocr_par' dir='ltr' id='par_1_2' title="bbox 303 249 1590 412">
     <span class='ocr_line' id='line_1_2' title="bbox 303 249 1590 300; baseline 0.002 -14"><span class='ocrx_word' id='word_1_6' title='bbox 303 256 388 286; x_wconf 86' lang='lat' dir='ltr'>acta</span> <span class='ocrx_word' id='word_1_7' title='bbox 410 262 539 287; x_wconf 90' lang='lat' dir='ltr'>verum</span> <span class='ocrx_word' id='word_1_8' title='bbox 568 249 682 287; x_wconf 89' lang='lat' dir='ltr'>etiarn</span> <span class='ocrx_word' id='word_1_9' title='bbox 711 249 875 298; x_wconf 80' lang='lat' dir='ltr'>cogitata</span> <span class='ocrx_word' id='word_1_10' title='bbox 902 263 1131 288; x_wconf 84' lang='lat' dir='ltr'>revocamur.</span> <span class='ocrx_word' id='word_1_11' title='bbox 1190 252 1250 288; x_wconf 91' lang='lat' dir='ltr'>De</span> <span class='ocrx_word' id='word_1_12' title='bbox 1275 252 1473 297; x_wconf 86' lang='lat' dir='ltr'>Montano,</span> <span class='ocrx_word' id='word_1_13' title='bbox 1498 264 1590 300; x_wconf 89' lang='lat' dir='ltr'>quo-</span> 
     </span>
     <span class='ocr_line' id='line_1_3' title="bbox 303 311 1589 358; baseline 0.003 -10"><span class='ocrx_word' id='word_1_14' title='bbox 303 311 406 348; x_wconf 89' lang='lat' dir='ltr'>niam</span> <span class='ocrx_word' id='word_1_15' title='bbox 434 313 605 349; x_wconf 83' lang='lat' dir='ltr'>Flamma</span> <span class='ocrx_word' id='word_1_16' title='bbox 630 311 746 358; x_wconf 44' lang='lat' dir='ltr'>venit)</span> <span class='ocrx_word' id='word_1_17' title='bbox 768 312 924 350; x_wconf 86' lang='lat' dir='ltr'>videbis.</span> <span class='ocrx_word' id='word_1_18' title='bbox 982 315 1080 350; x_wconf 91' lang='lat' dir='ltr'>Puto</span> <span class='ocrx_word' id='word_1_19' title='bbox 1106 326 1184 351; x_wconf 89' lang='lat' dir='ltr'>rem</span> <span class='ocrx_word' id='word_1_20' title='bbox 1211 313 1365 351; x_wconf 90' lang='lat' dir='ltr'>meliore</span> <span class='ocrx_word' id='word_1_21' title='bbox 1393 315 1478 352; x_wconf 92' lang='lat' dir='ltr'>loco</span> <span class='ocrx_word' id='word_1_22' title='bbox 1506 327 1589 352; x_wconf 86' lang='lat' dir='ltr'>esse</span> 
     </span>
     <span class='ocr_line' id='line_1_4' title="bbox 303 374 452 412; baseline 0 -1"><span class='ocrx_word' id='word_1_23' title='bbox 303 374 452 412; x_wconf 86' lang='lat' dir='ltr'>debere.</span> 
     </span>
    </p>
   </div>
   <div class='ocr_carea' id='block_1_3' title="bbox 736 456 1157 501">
    <p class='ocr_par' dir='ltr' id='par_1_3' title="bbox 736 456 1157 501">
     <span class='ocr_line' id='line_1_5' title="bbox 736 456 1157 501; baseline 0 -10"><span class='ocrx_word' id='word_1_24' title='bbox 736 456 874 492; x_wconf 80' lang='lat' dir='ltr'>A=ad</span> <span class='ocrx_word' id='word_1_25' title='bbox 896 456 981 491; x_wconf 87' lang='lat' dir='ltr'>fam.</span> <span class='ocrx_word' id='word_1_26' title='bbox 1007 456 1073 492; x_wconf 89' lang='lat' dir='ltr'>IX.</span> <span class='ocrx_word' id='word_1_27' title='bbox 1102 468 1157 501; x_wconf 89' lang='lat'>14.</span> 
     </span>
    </p>
   </div>
   <div class='ocr_carea' id='block_1_4' title="bbox 505 537 1624 645">
    <p class='ocr_par' dir='ltr' id='par_1_4' title="bbox 505 537 1624 645">
     <span class='ocr_line' id='line_1_6' title="bbox 553 537 1624 580; baseline 0.001 -11"><span class='ocrx_word' id='word_1_28' title='bbox 553 537 622 569; x_wconf 81' lang='lat' dir='ltr'>Ser.</span> <span class='ocrx_word' id='word_1_29' title='bbox 641 538 674 568; x_wconf 86' lang='grc' dir='ltr'><em>ιή</em></span> <span class='ocrx_word' id='word_1_30' title='bbox 690 538 883 578; x_wconf 79' lang='lat' dir='ltr'>Pompeiano</span> <span class='ocrx_word' id='word_1_31' title='bbox 899 550 918 569; x_wconf 84' lang='lat' dir='ltr'><em>v</em></span> <span class='ocrx_word' id='word_1_32' title='bbox 933 538 1108 570; x_wconf 76' lang='lat' dir='ltr'>N011.Mai.</span> <span class='ocrx_word' id='word_1_33' title='bbox 1128 550 1156 570; x_wconf 85' lang='lat' dir='ltr'>a.</span> <span class='ocrx_word' id='word_1_34' title='bbox 1176 549 1232 578; x_wconf 88' lang='lat'>710</span> <span class='ocrx_word' id='word_1_35' title='bbox 1250 541 1332 580; x_wconf 64' lang='lat'><em>(44).</em></span> <span class='ocrx_word' id='word_1_36' title='bbox 1606 542 1624 573; x_wconf 86' lang='lat'>5</span> 
     </span>
     <span class='ocr_line' id='line_1_7' title="bbox 505 613 1383 645; baseline 0 -1"><span class='ocrx_word' id='word_1_37' title='bbox 505 613 674 644; x_wconf 84' lang='lat' dir='ltr'>CICERO</span> <span class='ocrx_word' id='word_1_38' title='bbox 708 613 1010 644; x_wconf 85' lang='lat' dir='ltr'><strong>DOLABELLAE</strong></span> <span class='ocrx_word' id='word_1_39' title='bbox 1041 614 1135 645; x_wconf 87' lang='lat' dir='ltr'>COS.</span> <span class='ocrx_word' id='word_1_40' title='bbox 1171 613 1257 644; x_wconf 88' lang='lat' dir='ltr'>SVO</span> <span class='ocrx_word' id='word_1_41' title='bbox 1290 615 1383 645; x_wconf 87' lang='lat' dir='ltr'><strong>SAL.</strong></span> 
     </span>
    </p>
   </div>
   <div class='ocr_carea' id='block_1_5' title="bbox 267 687 1704 818">
    <p class='ocr_par' dir='ltr' id='par_1_5' title="bbox 267 687 1704 818">
     <span class='ocr_line' id='line_1_8' title="bbox 267 687 1587 738; baseline -0.002 -9"><span class='ocrx_word' id='word_1_42' title='bbox 267 702 283 729; x_wconf 93' lang='lat'>1</span> <span class='ocrx_word' id='word_1_43' title='bbox 354 687 435 726; x_wconf 88' lang='lat' dir='ltr'>Etsi</span> <span class='ocrx_word' id='word_1_44' title='bbox 456 695 658 726; x_wconf 87' lang='lat' dir='ltr'>contentus</span> <span class='ocrx_word' id='word_1_45' title='bbox 684 701 796 734; x_wconf 90' lang='lat' dir='ltr'>eram,</span> <span class='ocrx_word' id='word_1_46' title='bbox 820 688 871 725; x_wconf 93' lang='lat' dir='ltr'>mi</span> <span class='ocrx_word' id='word_1_47' title='bbox 893 689 1103 734; x_wconf 80' lang='lat' dir='ltr'>Dolabella,</span> <span class='ocrx_word' id='word_1_48' title='bbox 1125 697 1190 726; x_wconf 90' lang='lat' dir='ltr'>tua</span> <span class='ocrx_word' id='word_1_49' title='bbox 1214 689 1331 738; x_wconf 80' lang='lat' dir='ltr'>gloria</span> <span class='ocrx_word' id='word_1_50' title='bbox 1357 689 1522 738; x_wconf 87' lang='lat' dir='ltr'>satisque</span> <span class='ocrx_word' id='word_1_51' title='bbox 1541 702 1587 727; x_wconf 85' lang='lat' dir='ltr'>ex</span> 
     </span>
     <span class='ocr_line' id='line_1_9' title="bbox 299 751 1704 818; baseline 0.001 -30"><span class='ocrx_word' id='word_1_52' title='bbox 299 764 344 788; x_wconf 86' lang='lat' dir='ltr'>ea</span> <span class='ocrx_word' id='word_1_53' title='bbox 373 764 549 800; x_wconf 82' lang='lat' dir='ltr'>magnam</span> <span class='ocrx_word' id='word_1_54' title='bbox 577 751 757 788; x_wconf 80' lang='lat' dir='ltr'>laetitiam</span> <span class='ocrx_word' id='word_1_55' title='bbox 781 753 1092 800; x_wconf 78' lang='lat' dir='ltr'>voluptatemque</span> <span class='ocrx_word' id='word_1_56' title='bbox 1120 752 1332 800; x_wconf 81' lang='lat' dir='ltr'>capiebam,</span> <span class='ocrx_word' id='word_1_57' title='bbox 1351 760 1479 790; x_wconf 89' lang='lat' dir='ltr'>tamen</span> <span class='ocrx_word' id='word_1_58' title='bbox 1507 766 1585 789; x_wconf 92' lang='lat' dir='ltr'>non</span> <span class='ocrx_word' id='word_1_59' title='bbox 1601 774 1704 818; x_wconf 50' lang='lat' dir='ltr'>,H</span> 
     </span>
    </p>
   </div>
   <div class='ocr_carea' id='block_1_6' title="bbox 297 792 1803 863">
    <p class='ocr_par' dir='ltr' id='par_1_6' title="bbox 297 792 1803 863">
     <span class='ocr_line' id='line_1_10' title="bbox 297 792 1803 863; baseline 0.001 -12"><span class='ocrx_word' id='word_1_60' title='bbox 297 827 453 863; x_wconf 89' lang='lat' dir='ltr'>possum</span> <span class='ocrx_word' id='word_1_61' title='bbox 484 827 562 851; x_wconf 91' lang='lat' dir='ltr'>non</span> <span class='ocrx_word' id='word_1_62' title='bbox 596 792 982 851; x_wconf 37' lang='lat' dir='ltr'>confiterisscumulari</span> <span class='ocrx_word' id='word_1_63' title='bbox 1017 828 1077 851; x_wconf 92' lang='lat' dir='ltr'>me</span> <span class='ocrx_word' id='word_1_64' title='bbox 1111 814 1275 851; x_wconf 81' lang='lat' dir='ltr'>maximo</span> <span class='ocrx_word' id='word_1_65' title='bbox 1307 815 1447 863; x_wconf 84' lang='lat' dir='ltr'>gaudio</span> <span class='ocrx_word' id='word_1_66' title='bbox 1479 816 1584 863; x_wconf 92' lang='lat' dir='ltr'>quod</span> <span class='ocrx_word' id='word_1_67' title='bbox 1768 805 1803 847; x_wconf 59' lang='grc' dir='ltr'>ὅ·</span> 
     </span>
    </p>
   </div>
   <div class='ocr_carea' id='block_1_7' title="bbox 251 856 1803 1494">
    <p class='ocr_par' dir='ltr' id='par_1_7' title="bbox 294 856 1803 1367">
     <span class='ocr_line' id='line_1_11' title="bbox 296 856 1803 925; baseline 0.001 -12"><span class='ocrx_word' id='word_1_68' title='bbox 296 878 409 925; x_wconf 78' lang='lat' dir='ltr'>vulgo</span> <span class='ocrx_word' id='word_1_69' title='bbox 442 877 642 914; x_wconf 88' lang='lat' dir='ltr'>hominum</span> <span class='ocrx_word' id='word_1_70' title='bbox 676 876 807 925; x_wconf 91' lang='lat' dir='ltr'>opinio</span> <span class='ocrx_word' id='word_1_71' title='bbox 835 877 981 913; x_wconf 90' lang='lat' dir='ltr'>socium</span> <span class='ocrx_word' id='word_1_72' title='bbox 1013 891 1073 914; x_wconf 91' lang='lat' dir='ltr'>me</span> <span class='ocrx_word' id='word_1_73' title='bbox 1103 877 1264 914; x_wconf 85' lang='lat' dir='ltr'>ascribat</span> <span class='ocrx_word' id='word_1_74' title='bbox 1293 878 1366 914; x_wconf 87' lang='lat' dir='ltr'>tuis</span> <span class='ocrx_word' id='word_1_75' title='bbox 1395 878 1581 915; x_wconf 85' lang='lat' dir='ltr'>laudibus.</span> <span class='ocrx_word' id='word_1_76' title='bbox 1604 856 1803 914; x_wconf 62' lang='grc' dir='ltr'>ιοΜ</span> 
     </span>
     <span class='ocr_line' id='line_1_12' title="bbox 297 939 1584 989; baseline 0.001 -13"><span class='ocrx_word' id='word_1_77' title='bbox 297 940 503 977; x_wconf 86' lang='lat' dir='ltr'>Neminem</span> <span class='ocrx_word' id='word_1_78' title='bbox 524 939 686 977; x_wconf 87' lang='lat' dir='ltr'>conveni</span> <span class='ocrx_word' id='word_1_79' title='bbox 707 939 911 989; x_wconf 90' lang='lat' dir='ltr'>(convenio</span> <span class='ocrx_word' id='word_1_80' title='bbox 930 947 1058 977; x_wconf 87' lang='lat' dir='ltr'>autem</span> <span class='ocrx_word' id='word_1_81' title='bbox 1079 940 1219 977; x_wconf 91' lang='lat' dir='ltr'>cotidie</span> <span class='ocrx_word' id='word_1_82' title='bbox 1238 940 1430 988; x_wconf 86' lang='lat' dir='ltr'>plurimos.</span> <span class='ocrx_word' id='word_1_83' title='bbox 1488 942 1584 978; x_wconf 87' lang='lat' dir='ltr'>Sunt</span> 
     </span>
     <span class='ocr_line' id='line_1_13' title="bbox 297 1002 1584 1052; baseline 0.002 -13"><span class='ocrx_word' id='word_1_84' title='bbox 297 1003 398 1040; x_wconf 89' lang='lat' dir='ltr'>enim</span> <span class='ocrx_word' id='word_1_85' title='bbox 436 1003 612 1052; x_wconf 82' lang='lat' dir='ltr'>permulti</span> <span class='ocrx_word' id='word_1_86' title='bbox 646 1003 779 1051; x_wconf 89' lang='lat' dir='ltr'>optimi</span> <span class='ocrx_word' id='word_1_87' title='bbox 813 1002 879 1039; x_wconf 87' lang='lat' dir='ltr'>viri</span> <span class='ocrx_word' id='word_1_88' title='bbox 913 1003 977 1051; x_wconf 89' lang='lat' dir='ltr'>qui</span> <span class='ocrx_word' id='word_1_89' title='bbox 1008 1003 1235 1040; x_wconf 85' lang='lat' dir='ltr'>valetudinis</span> <span class='ocrx_word' id='word_1_90' title='bbox 1272 1016 1386 1040; x_wconf 88' lang='lat' dir='ltr'>causa</span> <span class='ocrx_word' id='word_1_91' title='bbox 1418 1003 1456 1040; x_wconf 88' lang='lat' dir='ltr'>in</span> <span class='ocrx_word' id='word_1_92' title='bbox 1489 1005 1584 1041; x_wconf 84' lang='lat' dir='ltr'>haec</span> 
     </span>
     <span class='ocr_line' id='line_1_14' title="bbox 296 1065 1585 1114; baseline 0.001 -12"><span class='ocrx_word' id='word_1_93' title='bbox 296 1067 380 1102; x_wconf 84' lang='lat' dir='ltr'>loca</span> <span class='ocrx_word' id='word_1_94' title='bbox 399 1065 578 1111; x_wconf 84' lang='lat' dir='ltr'>veniant;</span> <span class='ocrx_word' id='word_1_95' title='bbox 606 1073 798 1114; x_wconf 88' lang='lat' dir='ltr'>praeterea</span> <span class='ocrx_word' id='word_1_96' title='bbox 826 1078 871 1102; x_wconf 85' lang='lat' dir='ltr'>ex</span> <span class='ocrx_word' id='word_1_97' title='bbox 899 1065 1114 1114; x_wconf 88' lang='lat' dir='ltr'>municipiis</span> <span class='ocrx_word' id='word_1_98' title='bbox 1143 1067 1359 1114; x_wconf 87' lang='lat' dir='ltr'>frequentes</span> <span class='ocrx_word' id='word_1_99' title='bbox 1383 1065 1585 1104; x_wconf 87' lang='lat' dir='ltr'>necessarii</span> 
     </span>
     <span class='ocr_line' id='line_1_15' title="bbox 296 1128 1585 1178; baseline 0.001 -13"><span class='ocrx_word' id='word_1_100' title='bbox 296 1128 389 1178; x_wconf 86' lang='lat' dir='ltr'>mei)</span> <span class='ocrx_word' id='word_1_101' title='bbox 409 1128 500 1177; x_wconf 90' lang='lat' dir='ltr'>quin</span> <span class='ocrx_word' id='word_1_102' title='bbox 521 1142 668 1174; x_wconf 75' lang='lat' dir='ltr'>omnes,</span> <span class='ocrx_word' id='word_1_103' title='bbox 688 1141 775 1165; x_wconf 89' lang='lat' dir='ltr'>cum</span> <span class='ocrx_word' id='word_1_104' title='bbox 802 1135 838 1165; x_wconf 90' lang='lat' dir='ltr'>te</span> <span class='ocrx_word' id='word_1_105' title='bbox 862 1128 1020 1164; x_wconf 80' lang='lat' dir='ltr'>summis</span> <span class='ocrx_word' id='word_1_106' title='bbox 1046 1128 1222 1165; x_wconf 82' lang='lat' dir='ltr'>laudibus</span> <span class='ocrx_word' id='word_1_107' title='bbox 1242 1129 1291 1166; x_wconf 87' lang='lat' dir='ltr'>ad</span> <span class='ocrx_word' id='word_1_108' title='bbox 1315 1130 1462 1166; x_wconf 87' lang='lat' dir='ltr'>caelum</span> <span class='ocrx_word' id='word_1_109' title='bbox 1483 1136 1585 1166; x_wconf 86' lang='lat' dir='ltr'>extu-</span> 
     </span>
     <span class='ocr_line' id='line_1_16' title="bbox 294 1191 1640 1240; baseline 0.001 -12"><span class='ocrx_word' id='word_1_110' title='bbox 294 1193 428 1237; x_wconf 87' lang='lat' dir='ltr'>lerunt,</span> <span class='ocrx_word' id='word_1_111' title='bbox 451 1192 543 1228; x_wconf 91' lang='lat' dir='ltr'>mihi</span> <span class='ocrx_word' id='word_1_112' title='bbox 564 1191 748 1229; x_wconf 88' lang='lat' dir='ltr'>continuo</span> <span class='ocrx_word' id='word_1_113' title='bbox 768 1191 949 1228; x_wconf 78' lang='lat' dir='ltr'>maximas</span> <span class='ocrx_word' id='word_1_114' title='bbox 969 1191 1104 1240; x_wconf 83' lang='lat' dir='ltr'>gratias</span> <span class='ocrx_word' id='word_1_115' title='bbox 1130 1199 1252 1239; x_wconf 83' lang='lat' dir='ltr'>agant.</span> <span class='ocrx_word' id='word_1_116' title='bbox 1310 1193 1461 1240; x_wconf 83' lang='lat' dir='ltr'>Negant</span> <span class='ocrx_word' id='word_1_117' title='bbox 1481 1192 1583 1229; x_wconf 88' lang='lat' dir='ltr'>enim</span> <span class='ocrx_word' id='word_1_118' title='bbox 1603 1205 1640 1237; x_wconf 91' lang='lat'>15</span> 
     </span>
     <span class='ocr_line' id='line_1_17' title="bbox 295 1253 1582 1303; baseline 0.002 -12"><span class='ocrx_word' id='word_1_119' title='bbox 295 1267 334 1292; x_wconf 90' lang='lat' dir='ltr'>se</span> <span class='ocrx_word' id='word_1_120' title='bbox 353 1255 527 1292; x_wconf 88' lang='lat' dir='ltr'>dubitare</span> <span class='ocrx_word' id='word_1_121' title='bbox 547 1255 638 1303; x_wconf 89' lang='lat' dir='ltr'>quin</span> <span class='ocrx_word' id='word_1_122' title='bbox 660 1262 699 1291; x_wconf 89' lang='lat' dir='ltr'>tu</span> <span class='ocrx_word' id='word_1_123' title='bbox 720 1254 813 1292; x_wconf 85' lang='lat' dir='ltr'>meis</span> <span class='ocrx_word' id='word_1_124' title='bbox 834 1254 1043 1303; x_wconf 86' lang='lat' dir='ltr'>praeceptis</span> <span class='ocrx_word' id='word_1_125' title='bbox 1066 1262 1104 1291; x_wconf 91' lang='lat' dir='ltr'>et</span> <span class='ocrx_word' id='word_1_126' title='bbox 1129 1253 1295 1291; x_wconf 88' lang='lat' dir='ltr'>consiliis</span> <span class='ocrx_word' id='word_1_127' title='bbox 1316 1255 1582 1303; x_wconf 89' lang='lat' dir='ltr'>obtemperans</span> 
     </span>
     <span class='ocr_line' id='line_1_18' title="bbox 294 1317 1579 1367; baseline 0.002 -13"><span class='ocrx_word' id='word_1_128' title='bbox 294 1318 658 1367; x_wconf 80' lang='lat' dir='ltr'>praestantissimum</span> <span class='ocrx_word' id='word_1_129' title='bbox 675 1325 711 1355; x_wconf 90' lang='lat' dir='ltr'>te</span> <span class='ocrx_word' id='word_1_130' title='bbox 732 1317 851 1355; x_wconf 89' lang='lat' dir='ltr'>civem</span> <span class='ocrx_word' id='word_1_131' title='bbox 873 1325 910 1355; x_wconf 88' lang='lat' dir='ltr'>et</span> <span class='ocrx_word' id='word_1_132' title='bbox 930 1317 1157 1366; x_wconf 84' lang='lat' dir='ltr'>singularem</span> <span class='ocrx_word' id='word_1_133' title='bbox 1174 1319 1370 1355; x_wconf 88' lang='lat' dir='ltr'>consulem</span> <span class='ocrx_word' id='word_1_134' title='bbox 1386 1319 1579 1366; x_wconf 80' lang='lat' dir='ltr'>praebeaS.</span> 
     </span>
    </p>

    <p class='ocr_par' dir='ltr' id='par_1_8' title="bbox 251 1381 1581 1494">
     <span class='ocr_line' id='line_1_19' title="bbox 251 1381 1581 1430; baseline 0.002 -13"><span class='ocrx_word' id='word_1_135' title='bbox 251 1388 275 1416; x_wconf 88' lang='lat'><strong>2</strong></span> <span class='ocrx_word' id='word_1_136' title='bbox 294 1382 445 1429; x_wconf 77' lang='lat' dir='ltr'>Quibus</span> <span class='ocrx_word' id='word_1_137' title='bbox 483 1395 553 1430; x_wconf 77' lang='lat' dir='ltr'>ego</span> <span class='ocrx_word' id='word_1_138' title='bbox 590 1395 823 1430; x_wconf 85' lang='lat' dir='ltr'>quamquam</span> <span class='ocrx_word' id='word_1_139' title='bbox 860 1381 1053 1418; x_wconf 82' lang='lat' dir='ltr'>verissime</span> <span class='ocrx_word' id='word_1_140' title='bbox 1090 1394 1246 1429; x_wconf 89' lang='lat' dir='ltr'>possum</span> <span class='ocrx_word' id='word_1_141' title='bbox 1284 1383 1512 1430; x_wconf 89' lang='lat' dir='ltr'>respondere</span> <span class='ocrx_word' id='word_1_142' title='bbox 1545 1390 1581 1420; x_wconf 90' lang='lat' dir='ltr'>te</span> 
     </span>
     <span class='ocr_line' id='line_1_20' title="bbox 292 1444 1580 1494; baseline 0 -12"><span class='ocrx_word' id='word_1_143' title='bbox 292 1458 389 1494; x_wconf 89' lang='lat' dir='ltr'>quae</span> <span class='ocrx_word' id='word_1_144' title='bbox 410 1445 523 1482; x_wconf 86' lang='lat' dir='ltr'>facias</span> <span class='ocrx_word' id='word_1_145' title='bbox 550 1453 617 1482; x_wconf 90' lang='lat' dir='ltr'>tuo</span> <span class='ocrx_word' id='word_1_146' title='bbox 642 1444 784 1482; x_wconf 86' lang='lat' dir='ltr'>iudicio</span> <span class='ocrx_word' id='word_1_147' title='bbox 809 1452 846 1481; x_wconf 87' lang='lat' dir='ltr'>et</span> <span class='ocrx_word' id='word_1_148' title='bbox 872 1452 935 1481; x_wconf 91' lang='lat' dir='ltr'>tua</span> <span class='ocrx_word' id='word_1_149' title='bbox 961 1452 1097 1492; x_wconf 84' lang='lat' dir='ltr'>sponte</span> <span class='ocrx_word' id='word_1_150' title='bbox 1120 1446 1242 1482; x_wconf 87' lang='lat' dir='ltr'>facere</span> <span class='ocrx_word' id='word_1_151' title='bbox 1265 1458 1336 1482; x_wconf 91' lang='lat' dir='ltr'>nec</span> <span class='ocrx_word' id='word_1_152' title='bbox 1355 1444 1580 1493; x_wconf 87' lang='lat' dir='ltr'>cuiusquam</span> 
     </span>
    </p>
   </div>
   <div class='ocr_carea' id='block_1_8' title="bbox 292 1507 1640 1557">
    <p class='ocr_par' dir='ltr' id='par_1_9' title="bbox 292 1507 1640 1557">
     <span class='ocr_line' id='line_1_21' title="bbox 292 1507 1640 1557; baseline -0.001 -11"><span class='ocrx_word' id='word_1_153' title='bbox 292 1522 400 1557; x_wconf 85' lang='lat' dir='ltr'>egere</span> <span class='ocrx_word' id='word_1_154' title='bbox 421 1507 591 1553; x_wconf 84' lang='lat' dir='ltr'>consilio,</span> <span class='ocrx_word' id='word_1_155' title='bbox 614 1515 741 1545; x_wconf 84' lang='lat' dir='ltr'>tamen</span> <span class='ocrx_word' id='word_1_156' title='bbox 767 1520 893 1555; x_wconf 86' lang='lat' dir='ltr'>neque</span> <span class='ocrx_word' id='word_1_157' title='bbox 919 1509 1031 1556; x_wconf 87' lang='lat' dir='ltr'>plane</span> <span class='ocrx_word' id='word_1_158' title='bbox 1056 1507 1260 1553; x_wconf 86' lang='lat' dir='ltr'>adsentior,</span> <span class='ocrx_word' id='word_1_159' title='bbox 1282 1521 1330 1544; x_wconf 89' lang='lat' dir='ltr'>ne</span> <span class='ocrx_word' id='word_1_160' title='bbox 1355 1507 1580 1545; x_wconf 89' lang='lat' dir='ltr'>imminuam</span> <span class='ocrx_word' id='word_1_161' title='bbox 1601 1523 1640 1544; x_wconf 91' lang='lat'>20</span> 
     </span>
    </p>
   </div>
   <div class='ocr_carea' id='block_1_9' title="bbox 8 1570 1580 1683">
    <p class='ocr_par' dir='ltr' id='par_1_10' title="bbox 8 1570 1580 1683">
     <span class='ocr_line' id='line_1_22' title="bbox 17 1570 1578 1636; baseline -0.001 -27"><span class='ocrx_word' id='word_1_162' title='bbox 17 1571 148 1636; x_wconf 54' lang='grc' dir='ltr'>ΒΨἹ</span> <span class='ocrx_word' id='word_1_163' title='bbox 293 1579 397 1609; x_wconf 87' lang='lat' dir='ltr'>tuam</span> <span class='ocrx_word' id='word_1_164' title='bbox 426 1573 579 1609; x_wconf 90' lang='lat' dir='ltr'>laudem</span> <span class='ocrx_word' id='word_1_165' title='bbox 608 1571 638 1608; x_wconf 87' lang='lat' dir='ltr'>si</span> <span class='ocrx_word' id='word_1_166' title='bbox 667 1571 791 1627; x_wconf 49' lang='lat' dir='ltr'>omnis</span> <span class='ocrx_word' id='word_1_167' title='bbox 819 1584 841 1607; x_wconf 85' lang='lat' dir='ltr'>a</span> <span class='ocrx_word' id='word_1_168' title='bbox 870 1570 964 1607; x_wconf 90' lang='lat' dir='ltr'>meis</span> <span class='ocrx_word' id='word_1_169' title='bbox 997 1570 1164 1608; x_wconf 88' lang='lat' dir='ltr'>consiliis</span> <span class='ocrx_word' id='word_1_170' title='bbox 1196 1572 1366 1623; x_wconf 56' lang='lat' dir='ltr'>profecta</span> <span class='ocrx_word' id='word_1_171' title='bbox 1396 1571 1578 1618; x_wconf 89' lang='lat' dir='ltr'>videatur,</span> 
     </span>
     <span class='ocr_line' id='line_1_23' title="bbox 8 1621 1580 1683; baseline 0 -11"><span class='ocrx_word' id='word_1_172' title='bbox 8 1621 149 1678; x_wconf 41' lang='grc' dir='ltr'>μγ</span> <span class='ocrx_word' id='word_1_173' title='bbox 294 1648 419 1683; x_wconf 88' lang='lat' dir='ltr'>neque</span> <span class='ocrx_word' id='word_1_174' title='bbox 438 1636 547 1672; x_wconf 90' lang='lat' dir='ltr'>valde</span> <span class='ocrx_word' id='word_1_175' title='bbox 568 1647 676 1683; x_wconf 83' lang='lat' dir='ltr'>nego.</span> <span class='ocrx_word' id='word_1_176' title='bbox 733 1636 825 1671; x_wconf 83' lang='lat' dir='ltr'>Sum</span> <span class='ocrx_word' id='word_1_177' title='bbox 849 1633 951 1671; x_wconf 89' lang='lat' dir='ltr'>enim</span> <span class='ocrx_word' id='word_1_178' title='bbox 979 1633 1124 1671; x_wconf 91' lang='lat' dir='ltr'>avidior</span> <span class='ocrx_word' id='word_1_179' title='bbox 1147 1634 1259 1671; x_wconf 90' lang='lat' dir='ltr'>etiam</span> <span class='ocrx_word' id='word_1_180' title='bbox 1280 1648 1395 1682; x_wconf 90' lang='lat' dir='ltr'>quam</span> <span class='ocrx_word' id='word_1_181' title='bbox 1415 1635 1503 1672; x_wconf 87' lang='lat' dir='ltr'>satis</span> <span class='ocrx_word' id='word_1_182' title='bbox 1524 1642 1580 1672; x_wconf 90' lang='lat' dir='ltr'>est</span> 
     </span>
    </p>
   </div>
   <div class='ocr_carea' id='block_1_10' title="bbox 251 1697 1633 2001">
    <p class='ocr_par' dir='ltr' id='par_1_11' title="bbox 293 1697 1579 1747">
     <span class='ocr_line' id='line_1_24' title="bbox 293 1697 1579 1747; baseline 0 -12"><span class='ocrx_word' id='word_1_183' title='bbox 293 1698 443 1747; x_wconf 83' lang='lat' dir='ltr'>gloriae.</span> <span class='ocrx_word' id='word_1_184' title='bbox 502 1700 550 1735; x_wconf 91' lang='lat' dir='ltr'>Et</span> <span class='ocrx_word' id='word_1_185' title='bbox 570 1705 698 1735; x_wconf 89' lang='lat' dir='ltr'>tamen</span> <span class='ocrx_word' id='word_1_186' title='bbox 718 1710 796 1734; x_wconf 90' lang='lat' dir='ltr'>non</span> <span class='ocrx_word' id='word_1_187' title='bbox 816 1697 982 1734; x_wconf 90' lang='lat' dir='ltr'>alienum</span> <span class='ocrx_word' id='word_1_188' title='bbox 1009 1704 1065 1734; x_wconf 88' lang='lat' dir='ltr'>est</span> <span class='ocrx_word' id='word_1_189' title='bbox 1084 1697 1267 1746; x_wconf 84' lang='lat' dir='ltr'>dignitate</span> <span class='ocrx_word' id='word_1_190' title='bbox 1287 1704 1361 1743; x_wconf 87' lang='lat' dir='ltr'>tua,</span> <span class='ocrx_word' id='word_1_191' title='bbox 1384 1700 1488 1746; x_wconf 89' lang='lat' dir='ltr'>quod</span> <span class='ocrx_word' id='word_1_192' title='bbox 1508 1698 1579 1747; x_wconf 87' lang='lat' dir='ltr'>ipsi</span> 
     </span>
    </p>

    <p class='ocr_par' dir='ltr' id='par_1_12' title="bbox 293 1761 1579 1810">
     <span class='ocr_line' id='line_1_25' title="bbox 293 1761 1579 1810; baseline 0.001 -12"><span class='ocrx_word' id='word_1_193' title='bbox 293 1762 573 1810; x_wconf 81' lang='lat' dir='ltr'>Agamemnoni</span> <span class='ocrx_word' id='word_1_194' title='bbox 600 1775 728 1810; x_wconf 84' lang='lat' dir='ltr'>regum</span> <span class='ocrx_word' id='word_1_195' title='bbox 754 1761 829 1810; x_wconf 84' lang='lat' dir='ltr'>regi</span> <span class='ocrx_word' id='word_1_196' title='bbox 856 1761 925 1798; x_wconf 88' lang='lat' dir='ltr'>fuit</span> <span class='ocrx_word' id='word_1_197' title='bbox 950 1762 1166 1806; x_wconf 81' lang='lat' dir='ltr'>honestum,</span> <span class='ocrx_word' id='word_1_198' title='bbox 1188 1761 1328 1798; x_wconf 89' lang='lat' dir='ltr'>habere</span> <span class='ocrx_word' id='word_1_199' title='bbox 1353 1761 1519 1810; x_wconf 87' lang='lat' dir='ltr'>aliquem</span> <span class='ocrx_word' id='word_1_200' title='bbox 1540 1762 1579 1799; x_wconf 92' lang='lat' dir='ltr'>in</span> 
     </span>
    </p>

    <p class='ocr_par' dir='ltr' id='par_1_13' title="bbox 293 1820 1633 1874">
     <span class='ocr_line' id='line_1_26' title="bbox 293 1820 1633 1874; baseline 0.001 -12"><span class='ocrx_word' id='word_1_201' title='bbox 293 1825 458 1862; x_wconf 77' lang='lat' dir='ltr'>consiliis</span> <span class='ocrx_word' id='word_1_202' title='bbox 487 1820 682 1874; x_wconf 76' lang='lat' dir='ltr'>capiendis</span> <span class='ocrx_word' id='word_1_203' title='bbox 707 1826 920 1871; x_wconf 84' lang='lat' dir='ltr'>Nestorem,</span> <span class='ocrx_word' id='word_1_204' title='bbox 950 1824 1042 1861; x_wconf 88' lang='lat' dir='ltr'>mihi</span> <span class='ocrx_word' id='word_1_205' title='bbox 1066 1838 1154 1861; x_wconf 88' lang='lat' dir='ltr'>vero</span> <span class='ocrx_word' id='word_1_206' title='bbox 1180 1824 1385 1873; x_wconf 78' lang='lat' dir='ltr'>gloriosum</span> <span class='ocrx_word' id='word_1_207' title='bbox 1414 1832 1450 1861; x_wconf 90' lang='lat' dir='ltr'>te</span> <span class='ocrx_word' id='word_1_208' title='bbox 1479 1825 1579 1862; x_wconf 86' lang='lat' dir='ltr'>iuve-</span> <span class='ocrx_word' id='word_1_209' title='bbox 1597 1842 1633 1873; x_wconf 89' lang='lat'>25</span> 
     </span>
    </p>

    <p class='ocr_par' dir='ltr' id='par_1_14' title="bbox 251 1887 1579 2001">
     <span class='ocr_line' id='line_1_27' title="bbox 293 1887 1579 1936; baseline 0 -11"><span class='ocrx_word' id='word_1_210' title='bbox 293 1902 381 1926; x_wconf 89' lang='lat' dir='ltr'>nem</span> <span class='ocrx_word' id='word_1_211' title='bbox 410 1890 607 1925; x_wconf 89' lang='lat' dir='ltr'>consulem</span> <span class='ocrx_word' id='word_1_212' title='bbox 636 1889 768 1926; x_wconf 89' lang='lat' dir='ltr'>florere</span> <span class='ocrx_word' id='word_1_213' title='bbox 796 1888 972 1925; x_wconf 84' lang='lat' dir='ltr'>laudibus</span> <span class='ocrx_word' id='word_1_214' title='bbox 996 1887 1103 1936; x_wconf 82' lang='lat' dir='ltr'>quasi</span> <span class='ocrx_word' id='word_1_215' title='bbox 1131 1889 1328 1924; x_wconf 88' lang='lat' dir='ltr'>alumnum</span> <span class='ocrx_word' id='word_1_216' title='bbox 1356 1887 1579 1936; x_wconf 81' lang='lat' dir='ltr'>disciplinae</span> 
     </span>
     <span class='ocr_line' id='line_1_28' title="bbox 251 1950 1576 2001; baseline -0.001 -12"><span class='ocrx_word' id='word_1_217' title='bbox 251 1965 276 2001; x_wconf 89' lang='lat'><strong>3</strong></span> <span class='ocrx_word' id='word_1_218' title='bbox 294 1965 410 1989; x_wconf 88' lang='lat' dir='ltr'>meae.</span> <span class='ocrx_word' id='word_1_219' title='bbox 469 1953 510 1989; x_wconf 93' lang='lat' dir='ltr'>L.</span> <span class='ocrx_word' id='word_1_220' title='bbox 529 1951 685 2001; x_wconf 89' lang='lat' dir='ltr'>quidem</span> <span class='ocrx_word' id='word_1_221' title='bbox 707 1953 855 1997; x_wconf 78' lang='lat' dir='ltr'>Caesar,</span> <span class='ocrx_word' id='word_1_222' title='bbox 874 1965 959 1989; x_wconf 90' lang='lat' dir='ltr'>cum</span> <span class='ocrx_word' id='word_1_223' title='bbox 981 1952 1029 1989; x_wconf 90' lang='lat' dir='ltr'>ad</span> <span class='ocrx_word' id='word_1_224' title='bbox 1049 1964 1137 1988; x_wconf 89' lang='lat' dir='ltr'>eum</span> <span class='ocrx_word' id='word_1_225' title='bbox 1157 1958 1352 2000; x_wconf 86' lang='lat' dir='ltr'>aegrotum</span> <span class='ocrx_word' id='word_1_226' title='bbox 1373 1950 1576 2000; x_wconf 84' lang='lat' dir='ltr'>Neapolim</span> 
     </span>
    </p>
   </div>
   <div class='ocr_carea' id='block_1_11' title="bbox 288 2052 1576 2350">
    <p class='ocr_par' dir='ltr' id='par_1_15' title="bbox 288 2052 1576 2350">
     <span class='ocr_line' id='line_1_29' title="bbox 338 2052 1575 2092; baseline 0 -10"><span class='ocrx_word' id='word_1_227' title='bbox 338 2063 350 2082; x_wconf 92' lang='lat'>1</span> <span class='ocrx_word' id='word_1_228' title='bbox 377 2053 518 2092; x_wconf 81' lang='lat' dir='ltr'>cogitata</span> <span class='ocrx_word' id='word_1_229' title='bbox 541 2064 732 2084; x_wconf 81' lang='lat' dir='ltr'>revocamur</span> <span class='ocrx_word' id='word_1_230' title='bbox 768 2054 840 2084; x_wconf 80' lang='lat' dir='ltr'>M‘:</span> <span class='ocrx_word' id='word_1_231' title='bbox 882 2054 1026 2092; x_wconf 79' lang='lat' dir='ltr'>cogitare</span> <span class='ocrx_word' id='word_1_232' title='bbox 1050 2063 1204 2082; x_wconf 79' lang='lat' dir='ltr'>vocamur</span> <span class='ocrx_word' id='word_1_233' title='bbox 1235 2052 1285 2082; x_wconf 84' lang='lat' dir='ltr'>M¹</span> <span class='ocrx_word' id='word_1_234' title='bbox 1399 2063 1417 2090; x_wconf 84' lang='lat'><strong>4</strong></span> <span class='ocrx_word' id='word_1_235' title='bbox 1440 2053 1575 2082; x_wconf 73' lang='lat' dir='ltr'>alterum</span> 
     </span>
     <span class='ocr_line' id='line_1_30' title="bbox 294 2096 1574 2136; baseline -0.001 -11"><span class='ocrx_word' id='word_1_236' title='bbox 294 2096 464 2134; x_wconf 76' lang='lat' dir='ltr'>meliusque</span> <span class='ocrx_word' id='word_1_237' title='bbox 478 2097 659 2134; x_wconf 76' lang='lat' dir='ltr'>exemplum</span> <span class='ocrx_word' id='word_1_238' title='bbox 679 2097 733 2134; x_wconf 36' lang='lat' dir='ltr'>(fl</span> <span class='ocrx_word' id='word_1_239' title='bbox 755 2097 852 2126; x_wconf 69' lang='lat' dir='ltr'>latius</span> <span class='ocrx_word' id='word_1_240' title='bbox 870 2102 914 2136; x_wconf 81' lang='lat' dir='ltr'>ep.</span> <span class='ocrx_word' id='word_1_241' title='bbox 932 2096 1241 2126; x_wconf 70' lang='lat' dir='ltr'>invcm‘nwadFam.</span> <span class='ocrx_word' id='word_1_242' title='bbox 1256 2096 1297 2125; x_wconf 82' lang='lat' dir='ltr'>ix.</span> <span class='ocrx_word' id='word_1_243' title='bbox 1321 2105 1357 2132; x_wconf 79' lang='lat'>14</span> <span class='ocrx_word' id='word_1_244' title='bbox 1469 2105 1504 2124; x_wconf 83' lang='lat'>12</span> <span class='ocrx_word' id='word_1_245' title='bbox 1520 2096 1574 2133; x_wconf 84' lang='lat' dir='ltr'>qui</span> 
     </span>
     <span class='ocr_line' id='line_1_31' title="bbox 292 2137 1573 2176; baseline 0 -10"><span class='ocrx_word' id='word_1_246' title='bbox 292 2148 354 2167; x_wconf 84' lang='lat' dir='ltr'>om.</span> <span class='ocrx_word' id='word_1_247' title='bbox 372 2138 456 2168; x_wconf 79' lang='lat' dir='ltr'>codd.</span> <span class='ocrx_word' id='word_1_248' title='bbox 547 2139 628 2168; x_wconf 82' lang='lat' dir='ltr'>haec</span> <span class='ocrx_word' id='word_1_249' title='bbox 646 2139 762 2176; x_wconf 87' lang='lat' dir='ltr'>locas:</span> <span class='ocrx_word' id='word_1_250' title='bbox 788 2139 838 2168; x_wconf 87' lang='lat' dir='ltr'>his</span> <span class='ocrx_word' id='word_1_251' title='bbox 855 2138 934 2168; x_wconf 91' lang='lat' dir='ltr'>locis</span> <span class='ocrx_word' id='word_1_252' title='bbox 946 2138 973 2168; x_wconf 90' lang='lat' dir='ltr'><em>C</em></span> <span class='ocrx_word' id='word_1_253' title='bbox 987 2138 1069 2168; x_wconf 82' lang='lat' dir='ltr'>codd.</span> <span class='ocrx_word' id='word_1_254' title='bbox 1086 2149 1113 2168; x_wconf 81' lang='lat' dir='ltr'>v.</span> <span class='ocrx_word' id='word_1_255' title='bbox 1125 2149 1147 2168; x_wconf 88' lang='lat' dir='ltr'>c.</span> <span class='ocrx_word' id='word_1_256' title='bbox 1238 2148 1274 2175; x_wconf 79' lang='lat'>13</span> <span class='ocrx_word' id='word_1_257' title='bbox 1293 2137 1573 2174; x_wconf 56' lang='lat' dir='ltr'>veniantfwrae-</span> 
     </span>
     <span class='ocr_line' id='line_1_32' title="bbox 292 2180 1570 2218; baseline -0.001 -9"><span class='ocrx_word' id='word_1_258' title='bbox 292 2184 339 2209; x_wconf 62' lang='grc' dir='ltr'>ἴον</span> <span class='ocrx_word' id='word_1_259' title='bbox 359 2180 398 2209; x_wconf 90' lang='grc' dir='ltr'><em>Η</em></span> <span class='ocrx_word' id='word_1_260' title='bbox 423 2181 481 2218; x_wconf 77' lang='lat' dir='ltr'>qui</span> <span class='ocrx_word' id='word_1_261' title='bbox 509 2182 706 2210; x_wconf 84' lang='lat' dir='ltr'>conveniant</span> <span class='ocrx_word' id='word_1_262' title='bbox 738 2181 864 2217; x_wconf 79' lang='lat' dir='ltr'>habet):</span> <span class='ocrx_word' id='word_1_263' title='bbox 904 2181 1101 2210; x_wconf 81' lang='lat' dir='ltr'>conveniunt</span> <span class='ocrx_word' id='word_1_264' title='bbox 1129 2180 1155 2210; x_wconf 89' lang='lat' dir='ltr'><em>C</em></span> <span class='ocrx_word' id='word_1_265' title='bbox 1182 2180 1267 2211; x_wconf 83' lang='lat' dir='ltr'>codd.</span> <span class='ocrx_word' id='word_1_266' title='bbox 1291 2190 1319 2210; x_wconf 85' lang='lat' dir='ltr'>v.</span> <span class='ocrx_word' id='word_1_267' title='bbox 1346 2191 1390 2209; x_wconf 85' lang='lat' dir='ltr'>c.:</span> <span class='ocrx_word' id='word_1_268' title='bbox 1427 2180 1570 2217; x_wconf 85' lang='lat' dir='ltr'>veniant,</span> 
     </span>
     <span class='ocr_line' id='line_1_33' title="bbox 291 2220 1576 2261; baseline -0.001 -10"><span class='ocrx_word' id='word_1_269' title='bbox 291 2224 490 2252; x_wconf 87' lang='lat' dir='ltr'>conveniunt</span> <span class='ocrx_word' id='word_1_270' title='bbox 508 2223 677 2253; x_wconf 77' lang='lat' dir='ltr'>Lehmann</span> <span class='ocrx_word' id='word_1_271' title='bbox 819 2233 854 2261; x_wconf 81' lang='lat'>14</span> <span class='ocrx_word' id='word_1_272' title='bbox 879 2223 1147 2261; x_wconf 76' lang='lat' dir='ltr'>quinf(pra‹⁷ter</span> <span class='ocrx_word' id='word_1_273' title='bbox 1160 2221 1207 2252; x_wconf 92' lang='lat' dir='ltr'>M.</span> <span class='ocrx_word' id='word_1_274' title='bbox 1227 2233 1275 2260; x_wconf 86' lang='lat'>49.</span> <span class='ocrx_word' id='word_1_275' title='bbox 1293 2224 1326 2259; x_wconf 47' lang='lat'>95</span> <span class='ocrx_word' id='word_1_276' title='bbox 1345 2233 1350 2251; x_wconf 90' lang='lat'>:</span> <span class='ocrx_word' id='word_1_277' title='bbox 1374 2222 1427 2259; x_wconf 86' lang='lat' dir='ltr'>qui</span> <span class='ocrx_word' id='word_1_278' title='bbox 1445 2220 1530 2252; x_wconf 84' lang='lat' dir='ltr'>codd.</span> <span class='ocrx_word' id='word_1_279' title='bbox 1547 2224 1576 2250; x_wconf 79' lang='lat' dir='ltr'>et</span> 
     </span>
     <span class='ocr_line' id='line_1_34' title="bbox 289 2263 1570 2303; baseline -0.002 -8"><span class='ocrx_word' id='word_1_280' title='bbox 289 2263 389 2302; x_wconf 78' lang='lat' dir='ltr'>M49.</span> <span class='ocrx_word' id='word_1_281' title='bbox 403 2276 423 2303; x_wconf 91' lang='lat'>9</span> <span class='ocrx_word' id='word_1_282' title='bbox 544 2275 580 2303; x_wconf 86' lang='lat'>15</span> <span class='ocrx_word' id='word_1_283' title='bbox 604 2270 701 2303; x_wconf 83' lang='lat' dir='ltr'>agant</span> <span class='ocrx_word' id='word_1_284' title='bbox 716 2266 748 2301; x_wconf 82' lang='lat' dir='ltr'>f:</span> <span class='ocrx_word' id='word_1_285' title='bbox 774 2271 874 2303; x_wconf 82' lang='lat' dir='ltr'>agunt</span> <span class='ocrx_word' id='word_1_286' title='bbox 890 2265 976 2294; x_wconf 71' lang='lat' dir='ltr'>codd.</span> <span class='ocrx_word' id='word_1_287' title='bbox 1114 2266 1148 2293; x_wconf 85' lang='lat'>18</span> <span class='ocrx_word' id='word_1_288' title='bbox 1172 2269 1204 2294; x_wconf 81' lang='lat' dir='ltr'>tc</span> <span class='ocrx_word' id='word_1_289' title='bbox 1219 2266 1247 2302; x_wconf 88' lang='lat' dir='ltr'><em>s</em></span> <span class='ocrx_word' id='word_1_290' title='bbox 1264 2268 1398 2302; x_wconf 74' lang='lat' dir='ltr'>(praescr</span> <span class='ocrx_word' id='word_1_291' title='bbox 1416 2263 1484 2302; x_wconf 51' lang='grc' dir='ltr'>ΠΜ</span> <span class='ocrx_word' id='word_1_292' title='bbox 1508 2273 1570 2293; x_wconf 83' lang='lat' dir='ltr'>om.</span> 
     </span>
     <span class='ocr_line' id='line_1_35' title="bbox 288 2305 1381 2350; baseline -0.003 -14"><span class='ocrx_word' id='word_1_293' title='bbox 288 2306 371 2338; x_wconf 77' lang='lat' dir='ltr'>codd.</span> <span class='ocrx_word' id='word_1_294' title='bbox 501 2318 539 2347; x_wconf 77' lang='lat'>24</span> <span class='ocrx_word' id='word_1_295' title='bbox 565 2308 686 2337; x_wconf 81' lang='lat' dir='ltr'>habere</span> <span class='ocrx_word' id='word_1_296' title='bbox 705 2308 770 2350; x_wconf 88' lang='lat' dir='ltr'>Os:</span> <span class='ocrx_word' id='word_1_297' title='bbox 789 2311 862 2347; x_wconf 77' lang='lat' dir='ltr'>post</span> <span class='ocrx_word' id='word_1_298' title='bbox 879 2307 1052 2339; x_wconf 76' lang='lat' dir='ltr'>Nestorem</span> <span class='ocrx_word' id='word_1_299' title='bbox 1069 2306 1220 2337; x_wconf 68' lang='lat' dir='ltr'>ERsM²2</span> <span class='ocrx_word' id='word_1_300' title='bbox 1245 2317 1308 2340; x_wconf 64' lang='grc' dir='ltr'>ουτ,</span> <span class='ocrx_word' id='word_1_301' title='bbox 1328 2305 1381 2334; x_wconf 88' lang='lat' dir='ltr'>M¹</span> 
     </span>
    </p>
   </div>
  </div>
 </body>
</html>
