<?xml version="1.0" encoding="UTF-8"?>
<!DOCTYPE html PUBLIC "-//W3C//DTD XHTML 1.0 Transitional//EN"
    "http://www.w3.org/TR/xhtml1/DTD/xhtml1-transitional.dtd">
<html xmlns="http://www.w3.org/1999/xhtml" xml:lang="en" lang="en">
 <head>
  <title>
</title>
<meta http-equiv="Content-Type" content="text/html;charset=utf-8" />
  <meta name='ocr-system' content='tesseract 3.04.00' />
  <meta name='ocr-capabilities' content='ocr_page ocr_carea ocr_par ocr_line ocrx_word'/>
</head>
<body>
  <div class='ocr_page' id='page_1' title='image "./mtulliciceronise00cice_0246.png"; bbox 0 0 1690 2710; ppageno 0'>
   <div class='ocr_carea' id='block_1_1' title="bbox 194 145 1228 183">
    <p class='ocr_par' dir='ltr' id='par_1_1' title="bbox 194 145 1228 183">
     <span class='ocr_line' id='line_1_1' title="bbox 194 145 1228 183; baseline 0.002 -2"><span class='ocrx_word' id='word_1_1' title='bbox 194 145 278 181; x_wconf 90' lang='lat' dir='ltr'>XV.</span> <span class='ocrx_word' id='word_1_2' title='bbox 301 155 331 180; x_wconf 88' lang='lat' dir='ltr'>v</span> <span class='ocrx_word' id='word_1_3' title='bbox 652 145 706 182; x_wconf 87' lang='lat' dir='ltr'>M.</span> <span class='ocrx_word' id='word_1_4' title='bbox 737 145 900 181; x_wconf 89' lang='lat' dir='ltr'>TVLLI</span> <span class='ocrx_word' id='word_1_5' title='bbox 930 145 1228 183; x_wconf 91' lang='lat' dir='ltr'>CICERONIS</span> 
     </span>
    </p>
   </div>
   <div class='ocr_carea' id='block_1_2' title="bbox 260 251 1646 1437">
    <p class='ocr_par' dir='ltr' id='par_1_2' title="bbox 299 251 1621 613">
     <span class='ocr_line' id='line_1_2' title="bbox 299 251 1584 302; baseline 0.002 -13"><span class='ocrx_word' id='word_1_6' title='bbox 299 251 350 289; x_wconf 89' lang='lat' dir='ltr'>ita</span> <span class='ocrx_word' id='word_1_7' title='bbox 378 251 506 290; x_wconf 87' lang='lat' dir='ltr'>scribit</span> <span class='ocrx_word' id='word_1_8' title='bbox 535 259 571 290; x_wconf 86' lang='lat' dir='ltr'>et</span> <span class='ocrx_word' id='word_1_9' title='bbox 593 251 734 290; x_wconf 81' lang='lat' dir='ltr'>Balbus</span> <span class='ocrx_word' id='word_1_10' title='bbox 763 259 800 290; x_wconf 92' lang='lat' dir='ltr'>et</span> <span class='ocrx_word' id='word_1_11' title='bbox 831 252 981 301; x_wconf 73' lang='lat' dir='ltr'>Oppius.</span> <span class='ocrx_word' id='word_1_12' title='bbox 1039 251 1189 290; x_wconf 88' lang='lat' dir='ltr'>Hirtius</span> <span class='ocrx_word' id='word_1_13' title='bbox 1215 252 1370 302; x_wconf 87' lang='lat' dir='ltr'>quidem</span> <span class='ocrx_word' id='word_1_14' title='bbox 1398 266 1437 291; x_wconf 91' lang='lat' dir='ltr'>se</span> <span class='ocrx_word' id='word_1_15' title='bbox 1464 255 1584 291; x_wconf 90' lang='lat' dir='ltr'>afutu-</span> 
     </span>
     <span class='ocr_line' id='line_1_3' title="bbox 299 314 1586 366; baseline 0.002 -14"><span class='ocrx_word' id='word_1_16' title='bbox 299 328 382 352; x_wconf 85' lang='lat' dir='ltr'>rum</span> <span class='ocrx_word' id='word_1_17' title='bbox 403 315 560 364; x_wconf 80' lang='lat' dir='ltr'>(etenim</span> <span class='ocrx_word' id='word_1_18' title='bbox 587 315 661 352; x_wconf 90' lang='lat' dir='ltr'>iam</span> <span class='ocrx_word' id='word_1_19' title='bbox 688 314 726 352; x_wconf 90' lang='lat' dir='ltr'>in</span> <span class='ocrx_word' id='word_1_20' title='bbox 747 316 968 353; x_wconf 85' lang='lat' dir='ltr'>Tusculano</span> <span class='ocrx_word' id='word_1_21' title='bbox 992 315 1065 366; x_wconf 84' lang='lat' dir='ltr'>est)</span> <span class='ocrx_word' id='word_1_22' title='bbox 1085 316 1256 364; x_wconf 80' lang='lat' dir='ltr'>mihique</span> <span class='ocrx_word' id='word_1_23' title='bbox 1275 323 1316 353; x_wconf 87' lang='lat' dir='ltr'>ut</span> <span class='ocrx_word' id='word_1_24' title='bbox 1334 315 1457 353; x_wconf 88' lang='lat' dir='ltr'>absim</span> <span class='ocrx_word' id='word_1_25' title='bbox 1475 317 1586 354; x_wconf 91' lang='lat' dir='ltr'>vehe-</span> 
     </span>
     <span class='ocr_line' id='line_1_4' title="bbox 299 377 1585 427; baseline 0.001 -12"><span class='ocrx_word' id='word_1_26' title='bbox 299 385 446 415; x_wconf 79' lang='lat' dir='ltr'><strong>menter</strong></span> <span class='ocrx_word' id='word_1_27' title='bbox 470 385 602 416; x_wconf 85' lang='lat' dir='ltr'>auctor</span> <span class='ocrx_word' id='word_1_28' title='bbox 628 385 694 424; x_wconf 92' lang='lat' dir='ltr'>est,</span> <span class='ocrx_word' id='word_1_29' title='bbox 717 385 753 415; x_wconf 93' lang='lat' dir='ltr'>et</span> <span class='ocrx_word' id='word_1_30' title='bbox 779 377 841 415; x_wconf 87' lang='lat' dir='ltr'>ille</span> <span class='ocrx_word' id='word_1_31' title='bbox 869 377 1025 426; x_wconf 88' lang='lat' dir='ltr'>quidem</span> <span class='ocrx_word' id='word_1_32' title='bbox 1055 378 1212 427; x_wconf 89' lang='lat' dir='ltr'>periculi</span> <span class='ocrx_word' id='word_1_33' title='bbox 1241 391 1355 416; x_wconf 86' lang='lat' dir='ltr'>causa</span> <span class='ocrx_word' id='word_1_34' title='bbox 1380 380 1485 427; x_wconf 89' lang='lat' dir='ltr'>quod</span> <span class='ocrx_word' id='word_1_35' title='bbox 1513 378 1585 416; x_wconf 90' lang='lat' dir='ltr'>sibi</span> 
     </span>
     <span class='ocr_line' id='line_1_5' title="bbox 300 440 1585 490; baseline 0 -12"><span class='ocrx_word' id='word_1_36' title='bbox 300 440 414 479; x_wconf 85' lang='lat' dir='ltr'>etiam</span> <span class='ocrx_word' id='word_1_37' title='bbox 444 440 557 478; x_wconf 88' lang='lat' dir='ltr'>fuisse</span> <span class='ocrx_word' id='word_1_38' title='bbox 586 440 687 486; x_wconf 90' lang='lat' dir='ltr'>dicit,</span> <span class='ocrx_word' id='word_1_39' title='bbox 716 453 787 489; x_wconf 87' lang='lat' dir='ltr'>ego</span> <span class='ocrx_word' id='word_1_40' title='bbox 819 448 957 485; x_wconf 84' lang='lat' dir='ltr'>autem,</span> <span class='ocrx_word' id='word_1_41' title='bbox 989 441 1102 478; x_wconf 91' lang='lat' dir='ltr'>etiam</span> <span class='ocrx_word' id='word_1_42' title='bbox 1131 448 1172 478; x_wconf 91' lang='lat' dir='ltr'>ut</span> <span class='ocrx_word' id='word_1_43' title='bbox 1201 443 1347 478; x_wconf 88' lang='lat' dir='ltr'>nullum</span> <span class='ocrx_word' id='word_1_44' title='bbox 1376 441 1585 490; x_wconf 91' lang='lat' dir='ltr'>periculum</span> 
     </span>
     <span class='ocr_line' id='line_1_6' title="bbox 302 502 1621 552; baseline 0 -11"><span class='ocrx_word' id='word_1_45' title='bbox 302 502 360 548; x_wconf 89' lang='lat' dir='ltr'>sit,</span> <span class='ocrx_word' id='word_1_46' title='bbox 379 511 525 540; x_wconf 84' lang='lat' dir='ltr'>tanturn</span> <span class='ocrx_word' id='word_1_47' title='bbox 546 503 653 541; x_wconf 90' lang='lat' dir='ltr'>abest</span> <span class='ocrx_word' id='word_1_48' title='bbox 674 510 714 540; x_wconf 91' lang='lat' dir='ltr'>ut</span> <span class='ocrx_word' id='word_1_49' title='bbox 730 503 875 540; x_wconf 83' lang='lat' dir='ltr'>Antoni</span> <span class='ocrx_word' id='word_1_50' title='bbox 896 503 1152 552; x_wconf 76' lang='lat' dir='ltr'>suspicionem</span> <span class='ocrx_word' id='word_1_51' title='bbox 1176 505 1304 552; x_wconf 86' lang='lat' dir='ltr'>fugere</span> <span class='ocrx_word' id='word_1_52' title='bbox 1330 517 1433 541; x_wconf 91' lang='lat' dir='ltr'>nunc</span> <span class='ocrx_word' id='word_1_53' title='bbox 1456 517 1585 541; x_wconf 89' lang='lat' dir='ltr'>curem</span> <span class='ocrx_word' id='word_1_54' title='bbox 1605 519 1621 550; x_wconf 86' lang='lat'>5</span> 
     </span>
     <span class='ocr_line' id='line_1_7' title="bbox 301 566 1587 613; baseline 0 -9"><span class='ocrx_word' id='word_1_55' title='bbox 301 580 352 604; x_wconf 91' lang='lat' dir='ltr'>ne</span> <span class='ocrx_word' id='word_1_56' title='bbox 371 566 498 604; x_wconf 89' lang='lat' dir='ltr'>videar</span> <span class='ocrx_word' id='word_1_57' title='bbox 523 566 603 604; x_wconf 90' lang='lat' dir='ltr'>eius</span> <span class='ocrx_word' id='word_1_58' title='bbox 629 566 806 604; x_wconf 88' lang='lat' dir='ltr'>secundis</span> <span class='ocrx_word' id='word_1_59' title='bbox 835 567 946 604; x_wconf 91' lang='lat' dir='ltr'>rebus</span> <span class='ocrx_word' id='word_1_60' title='bbox 972 580 1051 605; x_wconf 92' lang='lat' dir='ltr'>non</span> <span class='ocrx_word' id='word_1_61' title='bbox 1077 567 1266 613; x_wconf 88' lang='lat' dir='ltr'>delectari,</span> <span class='ocrx_word' id='word_1_62' title='bbox 1288 574 1329 604; x_wconf 93' lang='lat' dir='ltr'>ut</span> <span class='ocrx_word' id='word_1_63' title='bbox 1356 566 1448 604; x_wconf 90' lang='lat' dir='ltr'>mihi</span> <span class='ocrx_word' id='word_1_64' title='bbox 1473 580 1587 604; x_wconf 88' lang='lat' dir='ltr'>causa</span> 
     </span>
    </p>

    <p class='ocr_par' dir='ltr' id='par_1_3' title="bbox 260 629 1646 1437">
     <span class='ocr_line' id='line_1_8' title="bbox 260 629 1586 678; baseline -0.001 -10"><span class='ocrx_word' id='word_1_65' title='bbox 260 640 285 678; x_wconf 91' lang='lat'>3</span> <span class='ocrx_word' id='word_1_66' title='bbox 303 642 347 668; x_wconf 83' lang='lat' dir='ltr'>ea</span> <span class='ocrx_word' id='word_1_67' title='bbox 375 630 421 668; x_wconf 88' lang='lat' dir='ltr'>sit</span> <span class='ocrx_word' id='word_1_68' title='bbox 450 643 515 667; x_wconf 89' lang='lat' dir='ltr'>cur</span> <span class='ocrx_word' id='word_1_69' title='bbox 542 632 707 668; x_wconf 85' lang='lat' dir='ltr'>Romam</span> <span class='ocrx_word' id='word_1_70' title='bbox 736 629 863 667; x_wconf 87' lang='lat' dir='ltr'>venire</span> <span class='ocrx_word' id='word_1_71' title='bbox 891 630 1009 667; x_wconf 89' lang='lat' dir='ltr'>nolim</span> <span class='ocrx_word' id='word_1_72' title='bbox 1039 644 1087 668; x_wconf 89' lang='lat' dir='ltr'>ne</span> <span class='ocrx_word' id='word_1_73' title='bbox 1115 630 1220 667; x_wconf 87' lang='lat' dir='ltr'>illum</span> <span class='ocrx_word' id='word_1_74' title='bbox 1249 629 1410 668; x_wconf 91' lang='lat' dir='ltr'>videam.</span> <span class='ocrx_word' id='word_1_75' title='bbox 1466 632 1586 668; x_wconf 85' lang='lat' dir='ltr'>Varro</span> 
     </span>
     <span class='ocr_line' id='line_1_9' title="bbox 301 693 1587 742; baseline -0.001 -11"><span class='ocrx_word' id='word_1_76' title='bbox 301 700 431 731; x_wconf 84' lang='lat' dir='ltr'>autern</span> <span class='ocrx_word' id='word_1_77' title='bbox 469 701 596 731; x_wconf 89' lang='lat' dir='ltr'>noster</span> <span class='ocrx_word' id='word_1_78' title='bbox 628 694 677 731; x_wconf 87' lang='lat' dir='ltr'>ad</span> <span class='ocrx_word' id='word_1_79' title='bbox 715 706 776 730; x_wconf 91' lang='lat' dir='ltr'>me</span> <span class='ocrx_word' id='word_1_80' title='bbox 812 693 1013 742; x_wconf 78' lang='lat' dir='ltr'>epistulam</span> <span class='ocrx_word' id='word_1_81' title='bbox 1051 693 1152 731; x_wconf 87' lang='lat' dir='ltr'>misit</span> <span class='ocrx_word' id='word_1_82' title='bbox 1185 693 1257 731; x_wconf 91' lang='lat' dir='ltr'>sibi</span> <span class='ocrx_word' id='word_1_83' title='bbox 1293 707 1315 730; x_wconf 91' lang='lat' dir='ltr'>a</span> <span class='ocrx_word' id='word_1_84' title='bbox 1347 693 1476 731; x_wconf 88' lang='lat' dir='ltr'>nescio</span> <span class='ocrx_word' id='word_1_85' title='bbox 1509 706 1587 742; x_wconf 89' lang='lat' dir='ltr'>quo</span> 
     </span>
     <span class='ocr_line' id='line_1_10' title="bbox 301 756 1587 806; baseline 0 -13"><span class='ocrx_word' id='word_1_86' title='bbox 301 756 455 794; x_wconf 89' lang='lat' dir='ltr'>missam</span> <span class='ocrx_word' id='word_1_87' title='bbox 482 756 641 806; x_wconf 88' lang='lat' dir='ltr'>(nomen</span> <span class='ocrx_word' id='word_1_88' title='bbox 667 756 769 793; x_wconf 89' lang='lat' dir='ltr'>enim</span> <span class='ocrx_word' id='word_1_89' title='bbox 796 756 980 805; x_wconf 80' lang='lat' dir='ltr'>delerat);</span> <span class='ocrx_word' id='word_1_90' title='bbox 1013 756 1051 793; x_wconf 91' lang='lat' dir='ltr'>in</span> <span class='ocrx_word' id='word_1_91' title='bbox 1077 770 1152 805; x_wconf 84' lang='lat' dir='ltr'>qua</span> <span class='ocrx_word' id='word_1_92' title='bbox 1178 756 1359 806; x_wconf 90' lang='lat' dir='ltr'>scriptum</span> <span class='ocrx_word' id='word_1_93' title='bbox 1389 763 1466 793; x_wconf 86' lang='lat' dir='ltr'>erat</span> <span class='ocrx_word' id='word_1_94' title='bbox 1488 763 1587 794; x_wconf 90' lang='lat' dir='ltr'>vete-</span> 
     </span>
     <span class='ocr_line' id='line_1_11' title="bbox 302 818 1646 868; baseline 0 -12"><span class='ocrx_word' id='word_1_95' title='bbox 302 832 413 857; x_wconf 84' lang='lat' dir='ltr'>ranos</span> <span class='ocrx_word' id='word_1_96' title='bbox 442 832 507 857; x_wconf 90' lang='lat' dir='ltr'>eos</span> <span class='ocrx_word' id='word_1_97' title='bbox 536 819 601 868; x_wconf 88' lang='lat' dir='ltr'>qui</span> <span class='ocrx_word' id='word_1_98' title='bbox 629 819 830 856; x_wconf 80' lang='lat' dir='ltr'>reiciantur</span> <span class='ocrx_word' id='word_1_99' title='bbox 857 818 962 868; x_wconf 87' lang='lat' dir='ltr'>(nam</span> <span class='ocrx_word' id='word_1_100' title='bbox 993 826 1138 868; x_wconf 87' lang='lat' dir='ltr'>partem</span> <span class='ocrx_word' id='word_1_101' title='bbox 1167 833 1249 857; x_wconf 90' lang='lat' dir='ltr'>esse</span> <span class='ocrx_word' id='word_1_102' title='bbox 1279 819 1491 868; x_wconf 85' lang='lat' dir='ltr'>dimissam)</span> <span class='ocrx_word' id='word_1_103' title='bbox 1520 818 1586 856; x_wconf 92' lang='lat' dir='ltr'>im-</span> <span class='ocrx_word' id='word_1_104' title='bbox 1608 834 1646 857; x_wconf 85' lang='lat'>10</span> 
     </span>
     <span class='ocr_line' id='line_1_12' title="bbox 303 882 1586 931; baseline -0.001 -11"><span class='ocrx_word' id='word_1_105' title='bbox 303 882 528 931; x_wconf 86' lang='lat' dir='ltr'>probissime</span> <span class='ocrx_word' id='word_1_106' title='bbox 553 882 672 931; x_wconf 89' lang='lat' dir='ltr'>loqui,</span> <span class='ocrx_word' id='word_1_107' title='bbox 691 889 732 919; x_wconf 92' lang='lat' dir='ltr'>ut</span> <span class='ocrx_word' id='word_1_108' title='bbox 758 895 897 931; x_wconf 82' lang='lat' dir='ltr'>magno</span> <span class='ocrx_word' id='word_1_109' title='bbox 923 883 1092 931; x_wconf 89' lang='lat' dir='ltr'>periculo</span> <span class='ocrx_word' id='word_1_110' title='bbox 1114 884 1263 920; x_wconf 88' lang='lat' dir='ltr'>Romae</span> <span class='ocrx_word' id='word_1_111' title='bbox 1289 883 1363 920; x_wconf 90' lang='lat' dir='ltr'>sint</span> <span class='ocrx_word' id='word_1_112' title='bbox 1389 882 1501 919; x_wconf 90' lang='lat' dir='ltr'>futuri</span> <span class='ocrx_word' id='word_1_113' title='bbox 1521 882 1586 931; x_wconf 90' lang='lat' dir='ltr'>qui</span> 
     </span>
     <span class='ocr_line' id='line_1_13' title="bbox 302 945 1588 995; baseline 0 -12"><span class='ocrx_word' id='word_1_114' title='bbox 302 947 352 984; x_wconf 87' lang='lat' dir='ltr'>ab</span> <span class='ocrx_word' id='word_1_115' title='bbox 378 959 509 985; x_wconf 86' lang='lat' dir='ltr'>eorum</span> <span class='ocrx_word' id='word_1_116' title='bbox 535 945 704 995; x_wconf 88' lang='lat' dir='ltr'>partibus</span> <span class='ocrx_word' id='word_1_117' title='bbox 724 945 923 983; x_wconf 83' lang='lat' dir='ltr'>dissentire</span> <span class='ocrx_word' id='word_1_118' title='bbox 943 946 1151 983; x_wconf 84' lang='lat' dir='ltr'>videantur.</span> <span class='ocrx_word' id='word_1_119' title='bbox 1210 946 1305 994; x_wconf 89' lang='lat' dir='ltr'>Quis</span> <span class='ocrx_word' id='word_1_120' title='bbox 1326 959 1437 995; x_wconf 91' lang='lat' dir='ltr'>porro</span> <span class='ocrx_word' id='word_1_121' title='bbox 1461 953 1588 983; x_wconf 90' lang='lat' dir='ltr'>noster</span> 
     </span>
     <span class='ocr_line' id='line_1_14' title="bbox 304 1009 1588 1057; baseline 0 -11"><span class='ocrx_word' id='word_1_122' title='bbox 304 1010 388 1056; x_wconf 90' lang='lat' dir='ltr'>itus,</span> <span class='ocrx_word' id='word_1_123' title='bbox 424 1010 576 1055; x_wconf 89' lang='lat' dir='ltr'>reditus,</span> <span class='ocrx_word' id='word_1_124' title='bbox 609 1011 745 1054; x_wconf 84' lang='lat' dir='ltr'>vultus,</span> <span class='ocrx_word' id='word_1_125' title='bbox 786 1009 955 1046; x_wconf 85' lang='lat' dir='ltr'>incessus</span> <span class='ocrx_word' id='word_1_126' title='bbox 1003 1009 1100 1047; x_wconf 87' lang='lat' dir='ltr'>inter</span> <span class='ocrx_word' id='word_1_127' title='bbox 1133 1009 1253 1048; x_wconf 88' lang='lat' dir='ltr'>istos?</span> <span class='ocrx_word' id='word_1_128' title='bbox 1319 1010 1436 1057; x_wconf 87' lang='lat' dir='ltr'>Quod</span> <span class='ocrx_word' id='word_1_129' title='bbox 1476 1009 1516 1055; x_wconf 92' lang='lat' dir='ltr'>si,</span> <span class='ocrx_word' id='word_1_130' title='bbox 1547 1017 1588 1046; x_wconf 90' lang='lat' dir='ltr'>ut</span> 
     </span>
     <span class='ocr_line' id='line_1_15' title="bbox 302 1071 1588 1121; baseline -0.001 -11"><span class='ocrx_word' id='word_1_131' title='bbox 302 1073 445 1118; x_wconf 89' lang='lat' dir='ltr'>scribis,</span> <span class='ocrx_word' id='word_1_132' title='bbox 477 1074 517 1109; x_wconf 91' lang='lat' dir='ltr'>L.</span> <span class='ocrx_word' id='word_1_133' title='bbox 540 1072 732 1109; x_wconf 87' lang='lat' dir='ltr'>Antonius</span> <span class='ocrx_word' id='word_1_134' title='bbox 760 1072 799 1108; x_wconf 90' lang='lat' dir='ltr'>in</span> <span class='ocrx_word' id='word_1_135' title='bbox 833 1074 879 1108; x_wconf 90' lang='lat' dir='ltr'>D.</span> <span class='ocrx_word' id='word_1_136' title='bbox 910 1074 1081 1118; x_wconf 86' lang='lat' dir='ltr'>Brutum,</span> <span class='ocrx_word' id='word_1_137' title='bbox 1107 1072 1241 1121; x_wconf 85' lang='lat' dir='ltr'>reliqui</span> <span class='ocrx_word' id='word_1_138' title='bbox 1270 1071 1307 1109; x_wconf 90' lang='lat' dir='ltr'>in</span> <span class='ocrx_word' id='word_1_139' title='bbox 1336 1079 1495 1118; x_wconf 88' lang='lat' dir='ltr'>nostros,</span> <span class='ocrx_word' id='word_1_140' title='bbox 1517 1085 1588 1121; x_wconf 88' lang='lat' dir='ltr'>ego</span> 
     </span>
     <span class='ocr_line' id='line_1_16' title="bbox 302 1134 1645 1184; baseline -0.001 -12"><span class='ocrx_word' id='word_1_141' title='bbox 302 1135 395 1184; x_wconf 87' lang='lat' dir='ltr'>quid</span> <span class='ocrx_word' id='word_1_142' title='bbox 423 1136 558 1173; x_wconf 80' lang='lat' dir='ltr'>faciam</span> <span class='ocrx_word' id='word_1_143' title='bbox 587 1143 651 1172; x_wconf 82' lang='lat' dir='ltr'>aut</span> <span class='ocrx_word' id='word_1_144' title='bbox 678 1148 755 1184; x_wconf 87' lang='lat' dir='ltr'>quo</span> <span class='ocrx_word' id='word_1_145' title='bbox 785 1148 845 1172; x_wconf 90' lang='lat' dir='ltr'>me</span> <span class='ocrx_word' id='word_1_146' title='bbox 874 1143 987 1184; x_wconf 85' lang='lat' dir='ltr'>pacto</span> <span class='ocrx_word' id='word_1_147' title='bbox 1012 1137 1169 1184; x_wconf 85' lang='lat' dir='ltr'>geram?</span> <span class='ocrx_word' id='word_1_148' title='bbox 1216 1134 1315 1173; x_wconf 89' lang='lat' dir='ltr'>Mihi</span> <span class='ocrx_word' id='word_1_149' title='bbox 1334 1148 1423 1173; x_wconf 92' lang='lat' dir='ltr'>vero</span> <span class='ocrx_word' id='word_1_150' title='bbox 1448 1135 1587 1173; x_wconf 89' lang='lat' dir='ltr'>delibe-</span> <span class='ocrx_word' id='word_1_151' title='bbox 1609 1151 1645 1182; x_wconf 84' lang='lat'>¹5</span> 
     </span>
     <span class='ocr_line' id='line_1_17' title="bbox 302 1198 1588 1248; baseline -0.001 -12"><span class='ocrx_word' id='word_1_152' title='bbox 302 1206 425 1236; x_wconf 81' lang='lat' dir='ltr'>ratum</span> <span class='ocrx_word' id='word_1_153' title='bbox 454 1206 520 1245; x_wconf 84' lang='lat' dir='ltr'>est,</span> <span class='ocrx_word' id='word_1_154' title='bbox 543 1206 584 1236; x_wconf 90' lang='lat' dir='ltr'>ut</span> <span class='ocrx_word' id='word_1_155' title='bbox 612 1212 714 1236; x_wconf 89' lang='lat' dir='ltr'>nunc</span> <span class='ocrx_word' id='word_1_156' title='bbox 743 1199 899 1248; x_wconf 88' lang='lat' dir='ltr'>quidem</span> <span class='ocrx_word' id='word_1_157' title='bbox 928 1207 998 1246; x_wconf 88' lang='lat' dir='ltr'>est,</span> <span class='ocrx_word' id='word_1_158' title='bbox 1022 1200 1156 1237; x_wconf 89' lang='lat' dir='ltr'>abesse</span> <span class='ocrx_word' id='word_1_159' title='bbox 1184 1213 1229 1237; x_wconf 85' lang='lat' dir='ltr'>ex</span> <span class='ocrx_word' id='word_1_160' title='bbox 1256 1213 1301 1237; x_wconf 82' lang='lat' dir='ltr'>ea</span> <span class='ocrx_word' id='word_1_161' title='bbox 1329 1199 1422 1236; x_wconf 90' lang='lat' dir='ltr'>urbe</span> <span class='ocrx_word' id='word_1_162' title='bbox 1448 1198 1487 1235; x_wconf 89' lang='lat' dir='ltr'>in</span> <span class='ocrx_word' id='word_1_163' title='bbox 1513 1211 1588 1247; x_wconf 85' lang='lat' dir='ltr'>qua</span> 
     </span>
     <span class='ocr_line' id='line_1_18' title="bbox 303 1261 1587 1300; baseline -0.001 -1"><span class='ocrx_word' id='word_1_164' title='bbox 303 1275 381 1300; x_wconf 88' lang='lat' dir='ltr'>non</span> <span class='ocrx_word' id='word_1_165' title='bbox 420 1263 537 1300; x_wconf 90' lang='lat' dir='ltr'>modo</span> <span class='ocrx_word' id='word_1_166' title='bbox 573 1262 682 1299; x_wconf 88' lang='lat' dir='ltr'>florui</span> <span class='ocrx_word' id='word_1_167' title='bbox 719 1275 806 1299; x_wconf 90' lang='lat' dir='ltr'>cum</span> <span class='ocrx_word' id='word_1_168' title='bbox 845 1276 995 1300; x_wconf 89' lang='lat' dir='ltr'>summa</span> <span class='ocrx_word' id='word_1_169' title='bbox 1027 1276 1156 1300; x_wconf 91' lang='lat' dir='ltr'>verum</span> <span class='ocrx_word' id='word_1_170' title='bbox 1190 1262 1304 1300; x_wconf 87' lang='lat' dir='ltr'>etiam</span> <span class='ocrx_word' id='word_1_171' title='bbox 1337 1261 1470 1299; x_wconf 92' lang='lat' dir='ltr'>servivi</span> <span class='ocrx_word' id='word_1_172' title='bbox 1499 1274 1587 1299; x_wconf 83' lang='lat' dir='ltr'>cuni</span> 
     </span>
     <span class='ocr_line' id='line_1_19' title="bbox 302 1319 1588 1374; baseline 0.001 -13"><span class='ocrx_word' id='word_1_173' title='bbox 302 1325 429 1373; x_wconf 87' lang='lat' dir='ltr'>aliqua</span> <span class='ocrx_word' id='word_1_174' title='bbox 461 1325 643 1374; x_wconf 82' lang='lat' dir='ltr'>dignitate</span> <span class='ocrx_word' id='word_1_175' title='bbox 660 1319 681 1372; x_wconf 36' lang='lat'>3⁷</span> <span class='ocrx_word' id='word_1_176' title='bbox 709 1338 780 1362; x_wconf 85' lang='lat' dir='ltr'>nec</span> <span class='ocrx_word' id='word_1_177' title='bbox 813 1332 890 1362; x_wconf 84' lang='lat' dir='ltr'>tam</span> <span class='ocrx_word' id='word_1_178' title='bbox 924 1324 1037 1363; x_wconf 87' lang='lat' dir='ltr'>statui</span> <span class='ocrx_word' id='word_1_179' title='bbox 1067 1339 1112 1363; x_wconf 83' lang='lat' dir='ltr'>ex</span> <span class='ocrx_word' id='word_1_180' title='bbox 1147 1326 1256 1363; x_wconf 88' lang='lat' dir='ltr'>Italia</span> <span class='ocrx_word' id='word_1_181' title='bbox 1289 1325 1399 1371; x_wconf 86' lang='lat' dir='ltr'>exire,</span> <span class='ocrx_word' id='word_1_182' title='bbox 1429 1325 1478 1363; x_wconf 82' lang='lat' dir='ltr'>de</span> <span class='ocrx_word' id='word_1_183' title='bbox 1511 1337 1588 1374; x_wconf 90' lang='lat' dir='ltr'>quo</span> 
     </span>
     <span class='ocr_line' id='line_1_20' title="bbox 304 1388 1229 1437; baseline 0 -12"><span class='ocrx_word' id='word_1_184' title='bbox 304 1395 431 1425; x_wconf 89' lang='lat' dir='ltr'>tecum</span> <span class='ocrx_word' id='word_1_185' title='bbox 460 1388 690 1434; x_wconf 87' lang='lat' dir='ltr'>deliberabo,</span> <span class='ocrx_word' id='word_1_186' title='bbox 719 1401 834 1437; x_wconf 84' lang='lat' dir='ltr'>quam</span> <span class='ocrx_word' id='word_1_187' title='bbox 864 1388 960 1425; x_wconf 82' lang='lat' dir='ltr'>istuc</span> <span class='ocrx_word' id='word_1_188' title='bbox 988 1401 1066 1426; x_wconf 85' lang='lat' dir='ltr'>non</span> <span class='ocrx_word' id='word_1_189' title='bbox 1093 1388 1229 1426; x_wconf 90' lang='lat' dir='ltr'>venire.</span> 
     </span>
    </p>
   </div>
   <div class='ocr_carea' id='block_1_3' title="bbox 345 1490 1648 1601">
    <p class='ocr_par' dir='ltr' id='par_1_4' title="bbox 345 1490 1648 1601">
     <span class='ocr_line' id='line_1_21' title="bbox 345 1490 1648 1535; baseline 0 -10"><span class='ocrx_word' id='word_1_190' title='bbox 345 1490 410 1525; x_wconf 83' lang='lat' dir='ltr'>VI</span> <span class='ocrx_word' id='word_1_191' title='bbox 511 1494 578 1525; x_wconf 77' lang='lat' dir='ltr'>Ser.</span> <span class='ocrx_word' id='word_1_192' title='bbox 599 1495 629 1524; x_wconf 77' lang='lat' dir='ltr'>iu</span> <span class='ocrx_word' id='word_1_193' title='bbox 652 1494 828 1524; x_wconf 72' lang='lat' dir='ltr'>Tusculano</span> <span class='ocrx_word' id='word_1_194' title='bbox 844 1494 878 1524; x_wconf 79' lang='lat' dir='ltr'>‘m&#39;</span> <span class='ocrx_word' id='word_1_195' title='bbox 889 1495 930 1524; x_wconf 86' lang='lat' dir='ltr'>K.</span> <span class='ocrx_word' id='word_1_196' title='bbox 950 1494 1023 1524; x_wconf 79' lang='lat' dir='ltr'>Iun.</span> <span class='ocrx_word' id='word_1_197' title='bbox 1039 1496 1157 1534; x_wconf 80' lang='lat' dir='ltr'>vesperi</span> <span class='ocrx_word' id='word_1_198' title='bbox 1169 1505 1198 1526; x_wconf 85' lang='lat' dir='ltr'>a.</span> <span class='ocrx_word' id='word_1_199' title='bbox 1221 1505 1275 1533; x_wconf 86' lang='lat'>710</span> <span class='ocrx_word' id='word_1_200' title='bbox 1293 1494 1375 1535; x_wconf 75' lang='lat'><em>(44).</em></span> <span class='ocrx_word' id='word_1_201' title='bbox 1610 1510 1648 1531; x_wconf 88' lang='lat'>20</span> 
     </span>
     <span class='ocr_line' id='line_1_22' title="bbox 697 1569 1195 1601; baseline 0.004 -2"><span class='ocrx_word' id='word_1_202' title='bbox 697 1569 862 1599; x_wconf 86' lang='lat' dir='ltr'><em>CICERO</em></span> <span class='ocrx_word' id='word_1_203' title='bbox 891 1569 1066 1599; x_wconf 84' lang='lat' dir='ltr'><em>ATTICO</em></span> <span class='ocrx_word' id='word_1_204' title='bbox 1094 1569 1195 1601; x_wconf 82' lang='lat' dir='ltr'><em>SAL.</em></span> 
     </span>
    </p>
   </div>
   <div class='ocr_carea' id='block_1_4' title="bbox 269 1639 1645 2005">
    <p class='ocr_par' dir='ltr' id='par_1_5' title="bbox 269 1639 1645 2005">
     <span class='ocr_line' id='line_1_23' title="bbox 269 1639 1589 1689; baseline 0.002 -13"><span class='ocrx_word' id='word_1_205' title='bbox 269 1649 285 1676; x_wconf 96' lang='lat'>1</span> <span class='ocrx_word' id='word_1_206' title='bbox 357 1641 457 1680; x_wconf 90' lang='lat' dir='ltr'>Cum</span> <span class='ocrx_word' id='word_1_207' title='bbox 493 1642 543 1678; x_wconf 83' lang='lat' dir='ltr'>ad</span> <span class='ocrx_word' id='word_1_208' title='bbox 581 1653 642 1677; x_wconf 89' lang='lat' dir='ltr'>me</span> <span class='ocrx_word' id='word_1_209' title='bbox 680 1641 818 1676; x_wconf 85' lang='lat' dir='ltr'>Brutus</span> <span class='ocrx_word' id='word_1_210' title='bbox 857 1646 984 1676; x_wconf 92' lang='lat' dir='ltr'>noster</span> <span class='ocrx_word' id='word_1_211' title='bbox 1021 1639 1231 1689; x_wconf 84' lang='lat' dir='ltr'>scripsisset</span> <span class='ocrx_word' id='word_1_212' title='bbox 1270 1647 1307 1678; x_wconf 91' lang='lat' dir='ltr'>et</span> <span class='ocrx_word' id='word_1_213' title='bbox 1344 1639 1509 1687; x_wconf 85' lang='lat' dir='ltr'>Cassius,</span> <span class='ocrx_word' id='word_1_214' title='bbox 1548 1647 1589 1678; x_wconf 91' lang='lat' dir='ltr'>ut</span> 
     </span>
     <span class='ocr_line' id='line_1_24' title="bbox 304 1702 1588 1752; baseline 0.001 -12"><span class='ocrx_word' id='word_1_215' title='bbox 304 1703 484 1749; x_wconf 90' lang='lat' dir='ltr'>Hirtium,</span> <span class='ocrx_word' id='word_1_216' title='bbox 518 1703 583 1751; x_wconf 91' lang='lat' dir='ltr'>qui</span> <span class='ocrx_word' id='word_1_217' title='bbox 619 1703 746 1740; x_wconf 85' lang='lat' dir='ltr'>adhuc</span> <span class='ocrx_word' id='word_1_218' title='bbox 783 1703 907 1739; x_wconf 88' lang='lat' dir='ltr'>bonus</span> <span class='ocrx_word' id='word_1_219' title='bbox 946 1702 1077 1740; x_wconf 88' lang='lat' dir='ltr'>fuisset</span> <span class='ocrx_word' id='word_1_220' title='bbox 1115 1703 1313 1750; x_wconf 84' lang='lat' dir='ltr'>(sciebam,</span> <span class='ocrx_word' id='word_1_221' title='bbox 1343 1716 1468 1752; x_wconf 88' lang='lat' dir='ltr'>neque</span> <span class='ocrx_word' id='word_1_222' title='bbox 1500 1716 1588 1741; x_wconf 92' lang='lat' dir='ltr'>eum</span> 
     </span>
     <span class='ocr_line' id='line_1_25' title="bbox 302 1765 1588 1814; baseline -0.001 -9"><span class='ocrx_word' id='word_1_223' title='bbox 302 1767 547 1805; x_wconf 85' lang='lat' dir='ltr'>confidebam</span> <span class='ocrx_word' id='word_1_224' title='bbox 577 1767 657 1804; x_wconf 89' lang='lat' dir='ltr'>fore</span> <span class='ocrx_word' id='word_1_225' title='bbox 688 1779 772 1802; x_wconf 84' lang='lat' dir='ltr'>mea</span> <span class='ocrx_word' id='word_1_226' title='bbox 801 1765 1025 1803; x_wconf 86' lang='lat' dir='ltr'>auctoritate</span> <span class='ocrx_word' id='word_1_227' title='bbox 1058 1766 1253 1804; x_wconf 89' lang='lat' dir='ltr'>meliorem</span> <span class='ocrx_word' id='word_1_228' title='bbox 1269 1781 1279 1814; x_wconf 78' lang='lat'><em>3</em></span> <span class='ocrx_word' id='word_1_229' title='bbox 1324 1766 1495 1804; x_wconf 89' lang='lat' dir='ltr'>Antonio</span> <span class='ocrx_word' id='word_1_230' title='bbox 1532 1774 1588 1804; x_wconf 92' lang='lat' dir='ltr'>est</span> 
     </span>
     <span class='ocr_line' id='line_1_26' title="bbox 304 1829 1645 1880; baseline -0.001 -12"><span class='ocrx_word' id='word_1_231' title='bbox 304 1830 405 1868; x_wconf 91' lang='lat' dir='ltr'>enim</span> <span class='ocrx_word' id='word_1_232' title='bbox 436 1831 593 1867; x_wconf 87' lang='lat' dir='ltr'>fortasse</span> <span class='ocrx_word' id='word_1_233' title='bbox 625 1829 760 1874; x_wconf 87' lang='lat' dir='ltr'>iratior,</span> <span class='ocrx_word' id='word_1_234' title='bbox 789 1841 925 1866; x_wconf 82' lang='lat' dir='ltr'>causae</span> <span class='ocrx_word' id='word_1_235' title='bbox 955 1843 1044 1867; x_wconf 88' lang='lat' dir='ltr'>vero</span> <span class='ocrx_word' id='word_1_236' title='bbox 1076 1830 1355 1880; x_wconf 74' lang='lat' dir='ltr'>amicissimus),</span> <span class='ocrx_word' id='word_1_237' title='bbox 1377 1837 1504 1867; x_wconf 87' lang='lat' dir='ltr'>tamen</span> <span class='ocrx_word' id='word_1_238' title='bbox 1537 1831 1586 1868; x_wconf 87' lang='lat' dir='ltr'>ad</span> <span class='ocrx_word' id='word_1_239' title='bbox 1608 1845 1645 1877; x_wconf 86' lang='lat'>25</span> 
     </span>
     <span class='ocr_line' id='line_1_27' title="bbox 304 1892 1584 1942; baseline 0.001 -11"><span class='ocrx_word' id='word_1_240' title='bbox 304 1907 391 1932; x_wconf 87' lang='lat' dir='ltr'>eum</span> <span class='ocrx_word' id='word_1_241' title='bbox 423 1893 554 1942; x_wconf 90' lang='lat' dir='ltr'>scripsi</span> <span class='ocrx_word' id='word_1_242' title='bbox 584 1892 695 1941; x_wconf 85' lang='lat' dir='ltr'>eique</span> <span class='ocrx_word' id='word_1_243' title='bbox 724 1892 947 1942; x_wconf 83' lang='lat' dir='ltr'>dignitatem</span> <span class='ocrx_word' id='word_1_244' title='bbox 969 1893 1075 1931; x_wconf 89' lang='lat' dir='ltr'>Bruti</span> <span class='ocrx_word' id='word_1_245' title='bbox 1104 1902 1140 1931; x_wconf 91' lang='lat' dir='ltr'>et</span> <span class='ocrx_word' id='word_1_246' title='bbox 1170 1894 1277 1932; x_wconf 87' lang='lat' dir='ltr'>Cassi</span> <span class='ocrx_word' id='word_1_247' title='bbox 1306 1894 1584 1932; x_wconf 88' lang='lat' dir='ltr'>commendavi.</span> 
     </span>
     <span class='ocr_line' id='line_1_28' title="bbox 306 1955 1585 2005; baseline 0 -11"><span class='ocrx_word' id='word_1_248' title='bbox 306 1959 375 1995; x_wconf 92' lang='lat' dir='ltr'>Ille</span> <span class='ocrx_word' id='word_1_249' title='bbox 404 1956 496 2005; x_wconf 87' lang='lat' dir='ltr'>quid</span> <span class='ocrx_word' id='word_1_250' title='bbox 526 1955 618 1993; x_wconf 89' lang='lat' dir='ltr'>mihi</span> <span class='ocrx_word' id='word_1_251' title='bbox 647 1956 896 2004; x_wconf 85' lang='lat' dir='ltr'>rescripsisset</span> <span class='ocrx_word' id='word_1_252' title='bbox 925 1957 1020 1994; x_wconf 89' lang='lat' dir='ltr'>scire</span> <span class='ocrx_word' id='word_1_253' title='bbox 1049 1965 1085 1994; x_wconf 90' lang='lat' dir='ltr'>te</span> <span class='ocrx_word' id='word_1_254' title='bbox 1111 1957 1223 2003; x_wconf 88' lang='lat' dir='ltr'>volui,</span> <span class='ocrx_word' id='word_1_255' title='bbox 1246 1957 1275 1993; x_wconf 88' lang='lat' dir='ltr'>si</span> <span class='ocrx_word' id='word_1_256' title='bbox 1300 1959 1394 1994; x_wconf 89' lang='lat' dir='ltr'>forte</span> <span class='ocrx_word' id='word_1_257' title='bbox 1420 1957 1522 1994; x_wconf 89' lang='lat' dir='ltr'>idem</span> <span class='ocrx_word' id='word_1_258' title='bbox 1546 1964 1585 1995; x_wconf 90' lang='lat' dir='ltr'>tu</span> 
     </span>
    </p>
   </div>
   <div class='ocr_carea' id='block_1_5' title="bbox 301 2057 1585 2394">
    <p class='ocr_par' dir='ltr' id='par_1_6' title="bbox 301 2057 1585 2394">
     <span class='ocr_line' id='line_1_29' title="bbox 348 2057 1582 2097; baseline 0.001 -9"><span class='ocrx_word' id='word_1_259' title='bbox 348 2068 360 2087; x_wconf 94' lang='lat'>1</span> <span class='ocrx_word' id='word_1_260' title='bbox 387 2063 419 2088; x_wconf 90' lang='lat' dir='ltr'>et</span> <span class='ocrx_word' id='word_1_261' title='bbox 446 2058 568 2088; x_wconf 82' lang='lat' dir='ltr'>Balbus</span> <span class='ocrx_word' id='word_1_262' title='bbox 589 2062 622 2087; x_wconf 86' lang='lat' dir='ltr'>et</span> <span class='ocrx_word' id='word_1_263' title='bbox 644 2058 794 2097; x_wconf 84' lang='lat' dir='ltr'>Oppius;</span> <span class='ocrx_word' id='word_1_264' title='bbox 830 2059 959 2089; x_wconf 86' lang='lat' dir='ltr'>Hirtius</span> <span class='ocrx_word' id='word_1_265' title='bbox 983 2059 1058 2089; x_wconf 76' lang='lat' dir='ltr'><em>coni.</em></span> <span class='ocrx_word' id='word_1_266' title='bbox 1090 2058 1226 2089; x_wconf 72' lang='lat' dir='ltr'>Mz&#39;illcr:</span> <span class='ocrx_word' id='word_1_267' title='bbox 1257 2069 1320 2089; x_wconf 84' lang='lat' dir='ltr'>om.</span> <span class='ocrx_word' id='word_1_268' title='bbox 1347 2058 1476 2096; x_wconf 89' lang='lat' dir='ltr'>Oppius</span> <span class='ocrx_word' id='word_1_269' title='bbox 1499 2057 1582 2089; x_wconf 85' lang='lat' dir='ltr'>codd.</span> 
     </span>
     <span class='ocr_line' id='line_1_30' title="bbox 302 2099 1584 2139; baseline 0 -8"><span class='ocrx_word' id='word_1_270' title='bbox 302 2101 443 2131; x_wconf 85' lang='lat' dir='ltr'>futurum</span> <span class='ocrx_word' id='word_1_271' title='bbox 468 2100 583 2131; x_wconf 69' lang='lat' dir='ltr'>Orelli:</span> <span class='ocrx_word' id='word_1_272' title='bbox 617 2105 762 2131; x_wconf 85' lang='lat' dir='ltr'>acturum</span> <span class='ocrx_word' id='word_1_273' title='bbox 787 2099 843 2130; x_wconf 87' lang='lat' dir='ltr'>M:</span> <span class='ocrx_word' id='word_1_274' title='bbox 870 2106 968 2139; x_wconf 81' lang='lat' dir='ltr'>negat</span> <span class='ocrx_word' id='word_1_275' title='bbox 995 2102 1113 2131; x_wconf 84' lang='lat' dir='ltr'>iturum</span> <span class='ocrx_word' id='word_1_276' title='bbox 1139 2101 1222 2131; x_wconf 82' lang='lat' dir='ltr'>Reid</span> <span class='ocrx_word' id='word_1_277' title='bbox 1346 2110 1365 2139; x_wconf 86' lang='lat'><strong>3</strong></span> <span class='ocrx_word' id='word_1_278' title='bbox 1389 2105 1439 2130; x_wconf 85' lang='lat' dir='ltr'>est</span> <span class='ocrx_word' id='word_1_279' title='bbox 1461 2105 1492 2130; x_wconf 86' lang='lat' dir='ltr'>et</span> <span class='ocrx_word' id='word_1_280' title='bbox 1514 2111 1541 2130; x_wconf 87' lang='lat' dir='ltr'>v.</span> <span class='ocrx_word' id='word_1_281' title='bbox 1563 2111 1584 2131; x_wconf 88' lang='lat' dir='ltr'>c.</span> 
     </span>
     <span class='ocr_line' id='line_1_31' title="bbox 301 2142 1585 2182; baseline -0.001 -10"><span class='ocrx_word' id='word_1_282' title='bbox 301 2142 329 2172; x_wconf 95' lang='lat' dir='ltr'><em>L</em></span> <span class='ocrx_word' id='word_1_283' title='bbox 349 2143 486 2182; x_wconf 77' lang='lat' dir='ltr'>(marg.)</span> <span class='ocrx_word' id='word_1_284' title='bbox 506 2155 511 2172; x_wconf 91' lang='lat'>:</span> <span class='ocrx_word' id='word_1_285' title='bbox 536 2148 568 2173; x_wconf 90' lang='lat' dir='ltr'>et</span> <span class='ocrx_word' id='word_1_286' title='bbox 586 2143 646 2173; x_wconf 92' lang='lat' dir='ltr'>M:</span> <span class='ocrx_word' id='word_1_287' title='bbox 670 2148 720 2173; x_wconf 85' lang='lat' dir='ltr'>est</span> <span class='ocrx_word' id='word_1_288' title='bbox 736 2144 822 2182; x_wconf 75' lang='lat' dir='ltr'>vulg.</span> <span class='ocrx_word' id='word_1_289' title='bbox 966 2154 982 2182; x_wconf 95' lang='lat'><strong>7</strong></span> <span class='ocrx_word' id='word_1_290' title='bbox 1008 2154 1065 2173; x_wconf 86' lang='lat' dir='ltr'>cur</span> <span class='ocrx_word' id='word_1_291' title='bbox 1080 2147 1146 2174; x_wconf 78' lang='lat' dir='ltr'>vett.</span> <span class='ocrx_word' id='word_1_292' title='bbox 1165 2155 1171 2173; x_wconf 91' lang='lat'><strong>:</strong></span> <span class='ocrx_word' id='word_1_293' title='bbox 1199 2149 1232 2173; x_wconf 90' lang='lat' dir='ltr'>ut</span> <span class='ocrx_word' id='word_1_294' title='bbox 1249 2143 1331 2174; x_wconf 80' lang='lat' dir='ltr'>codd.</span> <span class='ocrx_word' id='word_1_295' title='bbox 1461 2153 1499 2179; x_wconf 78' lang='lat'>23</span> <span class='ocrx_word' id='word_1_296' title='bbox 1531 2143 1585 2180; x_wconf 91' lang='lat' dir='ltr'>qui</span> 
     </span>
     <span class='ocr_line' id='line_1_32' title="bbox 302 2184 1585 2227; baseline -0.002 -11"><span class='ocrx_word' id='word_1_297' title='bbox 302 2207 312 2216; x_wconf 88' lang='lat'><strong>.</strong></span> <span class='ocrx_word' id='word_1_298' title='bbox 335 2208 342 2216; x_wconf 90' lang='lat'><strong>.</strong></span> <span class='ocrx_word' id='word_1_299' title='bbox 367 2209 374 2215; x_wconf 87' lang='lat'><em>.</em></span> <span class='ocrx_word' id='word_1_300' title='bbox 404 2185 706 2227; x_wconf 82' lang='lat' dir='ltr'>fuisset—(fuisse)</span> <span class='ocrx_word' id='word_1_301' title='bbox 738 2186 877 2216; x_wconf 83' lang='lat' dir='ltr'>sciebam</span> <span class='ocrx_word' id='word_1_302' title='bbox 895 2209 902 2216; x_wconf 88' lang='lat'><strong><em>.</em></strong></span> <span class='ocrx_word' id='word_1_303' title='bbox 922 2209 928 2216; x_wconf 91' lang='lat'>.</span> <span class='ocrx_word' id='word_1_304' title='bbox 951 2210 957 2216; x_wconf 90' lang='lat'>.</span> <span class='ocrx_word' id='word_1_305' title='bbox 978 2186 1163 2216; x_wconf 82' lang='lat' dir='ltr'>fore—mea</span> <span class='ocrx_word' id='word_1_306' title='bbox 1194 2186 1387 2215; x_wconf 87' lang='lat' dir='ltr'>auctoritate</span> <span class='ocrx_word' id='word_1_307' title='bbox 1418 2184 1585 2214; x_wconf 84' lang='lat' dir='ltr'>meliorem</span> 
     </span>
     <span class='ocr_line' id='line_1_33' title="bbox 301 2226 1584 2269; baseline -0.001 -12"><span class='ocrx_word' id='word_1_308' title='bbox 301 2226 679 2268; x_wconf 77' lang='lat' dir='ltr'>(facerem&gt;—Ant0nio</span> <span class='ocrx_word' id='word_1_309' title='bbox 716 2228 853 2266; x_wconf 80' lang='lat' dir='ltr'>Tyrrell:</span> <span class='ocrx_word' id='word_1_310' title='bbox 886 2229 964 2266; x_wconf 86' lang='lat' dir='ltr'>qui.</span> <span class='ocrx_word' id='word_1_311' title='bbox 985 2251 992 2258; x_wconf 89' lang='lat'><strong>.</strong></span> <span class='ocrx_word' id='word_1_312' title='bbox 1016 2229 1154 2259; x_wconf 84' lang='lat' dir='ltr'>‚fuisset</span> <span class='ocrx_word' id='word_1_313' title='bbox 1188 2226 1435 2269; x_wconf 85' lang='lat' dir='ltr'>(confirmarem</span> <span class='ocrx_word' id='word_1_314' title='bbox 1467 2231 1500 2256; x_wconf 90' lang='lat' dir='ltr'>et</span> <span class='ocrx_word' id='word_1_315' title='bbox 1530 2237 1584 2256; x_wconf 84' lang='lat' dir='ltr'>ex-</span> 
     </span>
     <span class='ocr_line' id='line_1_34' title="bbox 302 2270 1583 2310; baseline 0 -11"><span class='ocrx_word' id='word_1_316' title='bbox 302 2271 446 2308; x_wconf 83' lang='lat' dir='ltr'>citarem,</span> <span class='ocrx_word' id='word_1_317' title='bbox 471 2271 533 2300; x_wconf 87' lang='lat' dir='ltr'>etsi</span> <span class='ocrx_word' id='word_1_318' title='bbox 556 2272 662 2300; x_wconf 87' lang='lat' dir='ltr'>alieno</span> <span class='ocrx_word' id='word_1_319' title='bbox 686 2281 703 2300; x_wconf 91' lang='lat' dir='ltr'>a</span> <span class='ocrx_word' id='word_1_320' title='bbox 728 2280 823 2300; x_wconf 84' lang='lat' dir='ltr'>causa</span> <span class='ocrx_word' id='word_1_321' title='bbox 845 2271 953 2300; x_wconf 81' lang='lat' dir='ltr'>animo</span> <span class='ocrx_word' id='word_1_322' title='bbox 974 2270 1098 2310; x_wconf 83' lang='lat' dir='ltr'>fuisse&gt;</span> <span class='ocrx_word' id='word_1_323' title='bbox 1122 2270 1274 2307; x_wconf 85' lang='lat' dir='ltr'>sciebam,</span> <span class='ocrx_word' id='word_1_324' title='bbox 1301 2279 1409 2308; x_wconf 87' lang='lat' dir='ltr'>neque</span> <span class='ocrx_word' id='word_1_325' title='bbox 1433 2279 1506 2298; x_wconf 86' lang='lat' dir='ltr'>eum</span> <span class='ocrx_word' id='word_1_326' title='bbox 1524 2291 1530 2297; x_wconf 91' lang='lat'><em>.</em></span> <span class='ocrx_word' id='word_1_327' title='bbox 1548 2292 1555 2299; x_wconf 92' lang='lat'>.</span> <span class='ocrx_word' id='word_1_328' title='bbox 1575 2291 1583 2299; x_wconf 93' lang='lat'><strong>.</strong></span> 
     </span>
     <span class='ocr_line' id='line_1_35' title="bbox 303 2311 1581 2352; baseline -0.002 -10"><span class='ocrx_word' id='word_1_329' title='bbox 303 2312 657 2342; x_wconf 29' lang='lat' dir='ltr'>melioremaeAntonio</span> <span class='ocrx_word' id='word_1_330' title='bbox 688 2312 843 2352; x_wconf 80' lang='lat' dir='ltr'>Madvig:</span> <span class='ocrx_word' id='word_1_331' title='bbox 881 2323 977 2350; x_wconf 88' lang='lat' dir='ltr'>quem</span> <span class='ocrx_word' id='word_1_332' title='bbox 1007 2313 1111 2342; x_wconf 87' lang='lat' dir='ltr'>adhuc</span> <span class='ocrx_word' id='word_1_333' title='bbox 1145 2313 1265 2342; x_wconf 89' lang='lat' dir='ltr'>bonum</span> <span class='ocrx_word' id='word_1_334' title='bbox 1296 2312 1396 2341; x_wconf 82' lang='lat' dir='ltr'>fuisse</span> <span class='ocrx_word' id='word_1_335' title='bbox 1426 2311 1581 2349; x_wconf 83' lang='lat' dir='ltr'>sciebant,</span> 
     </span>
     <span class='ocr_line' id='line_1_36' title="bbox 303 2353 1417 2394; baseline -0.002 -9"><span class='ocrx_word' id='word_1_336' title='bbox 303 2364 410 2394; x_wconf 84' lang='lat' dir='ltr'>neque</span> <span class='ocrx_word' id='word_1_337' title='bbox 427 2356 513 2385; x_wconf 87' lang='lat' dir='ltr'>enim</span> <span class='ocrx_word' id='word_1_338' title='bbox 531 2355 741 2385; x_wconf 83' lang='lat' dir='ltr'>confidebant</span> <span class='ocrx_word' id='word_1_339' title='bbox 758 2379 764 2385; x_wconf 92' lang='lat'>.</span> <span class='ocrx_word' id='word_1_340' title='bbox 783 2378 789 2385; x_wconf 92' lang='lat'>.</span> <span class='ocrx_word' id='word_1_341' title='bbox 811 2378 817 2384; x_wconf 92' lang='lat'><strong>.</strong></span> <span class='ocrx_word' id='word_1_342' title='bbox 837 2355 1001 2384; x_wconf 86' lang='lat' dir='ltr'>meliorem</span> <span class='ocrx_word' id='word_1_343' title='bbox 1016 2354 1348 2385; x_wconf 80' lang='lat' dir='ltr'>facerem—Antonio</span> <span class='ocrx_word' id='word_1_344' title='bbox 1365 2353 1417 2384; x_wconf 80' lang='lat' dir='ltr'>M²</span> 
     </span>
    </p>
   </div>
  </div>
 </body>
</html>
