1590 2730
26 127 139 163 XIII.
159 125 234 161 xxi
525 125 578 161 M.
610 124 773 161 TVLLI
804 124 1099 161 CICERONIS

169 233 362 280 remigant.
423 233 469 269 Id
497 231 546 268 ab
575 234 690 281 ἐποχῇ
718 230 1012 268 remotissimum
1041 238 1106 268 est.
1166 232 1253 279 Qua
1279 245 1317 269 re
1343 231 1458 269 facies
1509 275 1514 279 ¹

170 304 210 333 ut
236 296 287 333 ita
312 295 358 333 sit
388 295 425 331 in
454 294 551 332 libro
576 307 691 343 quem
719 295 768 331 ad
798 295 956 331 modum
986 294 1063 330 fuit.
1126 293 1238 331 Dices
1259 295 1333 331 hoc
1356 294 1458 332 idem

170 358 344 404 Varroni,
365 358 395 395 si
421 359 516 395 forte
545 357 712 394 mutavit.
771 358 854 394 Nec
881 364 936 394 est
963 357 1097 394 melius
1118 356 1322 405 quicquam
1344 370 1459 406 quam

171 430 212 459 ut
234 421 412 467 Lucilius,

216 485 433 522 ‘Sustineas
463 498 611 521 currum
643 491 682 521 ut
712 484 836 521 bonus
865 497 977 533 saepe
1005 484 1164 532 agitator
1192 485 1411 532 equosque.'
1479 499 1495 530 5

173 550 406 597 Semperque
449 549 666 586 Carneades
711 548 903 596 προβολὴν
945 547 1080 596 pugilis
1127 554 1163 584 et
1210 546 1459 584 retentionem

172 613 322 661 aurigae
361 612 521 649 similem
560 612 647 649 facit
686 615 810 662 ἐποχῇ.
887 610 1071 648 Inhibitio
1111 617 1238 647 autem
1277 609 1461 658 remigum

173 683 319 712 motum
340 676 455 712 habet
476 684 512 712 et
532 675 855 712 vehementiorem
872 674 1028 723 quidem
1050 673 1306 721 remigationis
1326 686 1461 710 navem

172 738 427 776 convertentis
464 740 513 776 ad
551 738 720 787 puppim.
780 738 897 775 Vides
936 745 1079 785 quanto
1118 738 1211 774 haec
1246 735 1462 785 diligentius

173 815 301 839 curem
332 814 446 850 quam
477 808 541 838 aut
570 803 618 838 de
649 814 799 838 rumore
831 807 895 837 aut
924 802 973 837 de
1007 800 1189 837 Pollione.
1250 801 1310 836 De
1340 801 1464 836 Pansa
1486 815 1523 837 10

173 864 287 901 etiam
317 864 347 900 si
376 864 469 912 quid
498 864 635 901 certius
661 864 792 913 (credo
821 863 922 900 enim
953 864 1076 911 palam
1106 863 1248 899 factum
1277 862 1386 909 esse),
1415 862 1464 898 de

176 927 360 975 Critonio,
383 926 412 964 si
433 926 525 975 quid
547 931 666 966 *resset
687 934 787 964 certe
808 930 878 965 ne†
899 927 948 963 de
970 926 1128 962 Metello
1149 932 1184 962 et
1208 924 1379 961 Balbino.

218 1068 326 1102 XXI
343 1079 366 1102 a
409 1070 476 1102 Ser.
493 1072 525 1101 in
543 1070 791 1111 Arpinaliprid.
811 1070 852 1101 K.
872 1074 930 1100 aut
944 1070 986 1101 K.
1005 1069 1115 1108 Quint.
1134 1080 1164 1101 a.
1183 1080 1241 1108 709
1259 1069 1339 1109 (45).

572 1156 738 1187 CICERO
766 1155 941 1186 ATTICO
969 1154 1071 1185 SAL.

72 1259 88 1285 1
109 1250 158 1291 (4)
232 1243 304 1281 Dic
325 1242 428 1289 mihi,
451 1244 624 1292 placetne
645 1243 712 1280 tibi
733 1242 896 1292 primum
918 1243 1029 1279 edere
1050 1241 1194 1278 iniussu
1215 1243 1334 1279 meo?
1377 1243 1467 1279 Hoc
1489 1254 1525 1285 15

178 1320 225 1344 ne
265 1307 530 1344 Hermodorus
568 1306 724 1355 quidem
763 1306 935 1351 faciebat,
975 1305 1005 1342 is
1042 1305 1107 1354 qui
1146 1305 1314 1342 Platonis
1353 1304 1467 1341 libros

178 1370 309 1407 solitus
338 1377 394 1407 est
422 1370 624 1419 divulgare,
654 1383 698 1407 ex
726 1383 803 1418 quo
832 1371 1018 1421 ιλόγοισιν
1035 1368 1279 1418 Ἑρμόδωρος.’
1337 1368 1469 1415 Quid?

179 1433 272 1470 illud
302 1440 497 1470 rectumne
530 1432 721 1470 existimas
750 1433 958 1482 quoiquam
992 1438 1077 1469 ante
1106 1446 1217 1480 quam
1248 1434 1377 1477 Bruto,
1408 1431 1468 1469 cui

180 1504 216 1533 te
236 1503 389 1534 auctore
408 1498 644 1545 προσφωνῶέ*
699 1496 855 1545 Scripsit
881 1496 982 1533 enim
1006 1497 1148 1533 Balbus
1176 1496 1226 1532 ad
1253 1508 1313 1532 me
1334 1508 1373 1531 se
1392 1508 1414 1531 a
1434 1502 1470 1531 te

181 1560 357 1608 quintum
380 1563 388 1579 ‘
402 1561 450 1597 de
470 1559 610 1597 finibus
626 1562 634 1577 ⁷
654 1560 791 1597 librum
820 1559 1086 1608 descripsisse3
1120 1559 1158 1596 in
1178 1572 1256 1608 quo
1282 1572 1359 1596 non
1381 1571 1471 1595 sane
1492 1571 1531 1591 20

182 1624 301 1659 multa
333 1623 474 1660 mutavi
505 1624 572 1660 sed
604 1630 731 1660 tamen
762 1624 961 1671 quaedam.
1020 1623 1081 1659 Tu
1111 1630 1238 1659 autem
1268 1623 1472 1658 commode

183 1685 314 1723 feceris
334 1685 364 1722 si
385 1686 550 1734 reliquos
570 1686 811 1731 continueris,
830 1699 877 1723 ne
897 1694 933 1723 et
955 1687 1151 1735 ἀδιόρθωτα
1170 1686 1308 1722 habeat
1330 1685 1472 1721 Balbus

184 1755 221 1786 et
250 1749 342 1786 ἕωλα
372 1750 520 1786 Brutus.
578 1750 653 1786 Sed
683 1750 776 1786 haec
807 1750 999 1794 hactenus,
1029 1762 1076 1786 ne
1105 1748 1234 1785 videar
1260 1747 1341 1796 περὶ
1365 1749 1473 1796 μικρὰ

184 1812 407 1857 σπουδάζειν.
466 1811 546 1848 Etsi
579 1825 680 1848 nunc
711 1812 867 1860 quidem
900 1812 1062 1849 maxima
1100 1811 1192 1848 mihi
1230 1818 1317 1847 sunt
1355 1811 1473 1856 haec;

184 1875 277 1924 quid
297 1882 352 1912 est
373 1875 474 1912 enim
494 1874 626 1911 aliud?
1494 1884 1531 1916 25

236 1938 397 1976 Varroni
417 1939 572 1987 quidem
594 1952 691 1987 quae
720 1940 851 1989 scripsi
880 1948 915 1978 te
941 1947 1094 1977 auctore
1123 1939 1175 1975 ita
1202 1951 1364 1987 propero
1393 1936 1473 1973 mit-

185 2010 261 2039 tere
298 2010 339 2039 ut
376 2002 450 2038 iam
487 2003 651 2039 Romam
686 2003 851 2040 miserim
885 2003 1146 2041 describenda.
1206 2003 1262 2038 Ea
1294 2000 1323 2036 si
1357 2001 1471 2044 voles,

185 2065 310 2102 statim
335 2065 504 2102 habebis.
563 2066 702 2114 Scripsi
732 2066 833 2103 enim
863 2068 911 2103 ad
941 2065 1109 2103 librarios
1139 2072 1179 2101 ut
1208 2065 1311 2101 fieret
1338 2063 1422 2109 tuis,
1444 2062 1473 2099 si

185 2136 224 2165 tu
248 2130 372 2173 velles,
395 2129 637 2166 describendi
668 2136 843 2178 potestas
904 2131 960 2166 Ea
985 2141 1074 2165 vero
1102 2126 1316 2165 continebis
1346 2127 1474 2174 quoad

186 2192 265 2241 ipse
285 2200 321 2230 te
342 2193 491 2230 videam
512 2208 518 2233 z
550 2194 655 2241 quod
682 2192 970 2240 diligentissime
997 2194 1119 2229 facere
1139 2193 1237 2229 soles
1264 2204 1351 2227 cum
1372 2203 1393 2227 a
1414 2203 1474 2227 me
1495 2203 1534 2233 30

229 2306 246 2332 4
273 2295 416 2324 Lucilius
433 2294 617 2334 lllalaspina
633 2306 639 2324 :
666 2294 818 2324 Lucullus
834 2293 874 2322 M
1012 2304 1031 2331 9
1055 2294 1136 2323 haec
1155 2292 1263 2322 O¹RP
1278 2292 1362 2322 Crat.
1383 2302 1389 2321 τ
1413 2292 1475 2321 hoc

188 2335 261 2366 O‘2A
457 2347 493 2365 12
517 2342 576 2369 est,
604 2337 662 2366 sed
689 2340 778 2366 certe
804 2337 844 2366 de
873 2336 1071 2376 chsenberg:
1095 2336 1173 2374 fort.
1200 2338 1260 2373 est,
1286 2339 1318 2364 et
1343 2338 1476 2364 certene

190 2379 227 2408 18
249 2384 324 2409 ante
340 2388 435 2417 quam
452 2378 525 2409 add.
548 2378 621 2409 Vici.
