<?xml version="1.0" encoding="UTF-8"?>
<!DOCTYPE html PUBLIC "-//W3C//DTD XHTML 1.0 Transitional//EN"
    "http://www.w3.org/TR/xhtml1/DTD/xhtml1-transitional.dtd">
<html xmlns="http://www.w3.org/1999/xhtml" xml:lang="en" lang="en">
 <head>
  <title>
</title>
<meta http-equiv="Content-Type" content="text/html;charset=utf-8" />
  <meta name='ocr-system' content='tesseract 3.04.00' />
  <meta name='ocr-capabilities' content='ocr_page ocr_carea ocr_par ocr_line ocrx_word'/>
</head>
<body>
  <div class='ocr_page' id='page_1' title='image "./mtulliciceronise00cice/mtulliciceronise00cice_0271.png"; bbox 0 0 1690 2710; ppageno 0'>
   <div class='ocr_carea' id='block_1_1' title="bbox 522 114 1460 153">
    <p class='ocr_par' dir='ltr' id='par_1_1' title="bbox 522 114 1460 153">
     <span class='ocr_line' id='line_1_1' title="bbox 522 114 1460 153; baseline -0.001 -1"><span class='ocrx_word' id='word_1_1' title='bbox 522 116 632 152; x_wconf 90' lang='lat' dir='ltr'><strong>EPP.</strong></span> <span class='ocrx_word' id='word_1_2' title='bbox 663 116 738 151; x_wconf 96' lang='lat' dir='ltr'>AD</span> <span class='ocrx_word' id='word_1_3' title='bbox 767 116 1020 153; x_wconf 90' lang='lat' dir='ltr'><strong>ATTICVM</strong></span> <span class='ocrx_word' id='word_1_4' title='bbox 1320 116 1428 153; x_wconf 92' lang='lat' dir='ltr'>XVI.</span> <span class='ocrx_word' id='word_1_5' title='bbox 1445 114 1460 151; x_wconf 90' lang='lat' dir='ltr'><strong>i</strong></span> 
     </span>
    </p>
   </div>
   <div class='ocr_carea' id='block_1_2' title="bbox 66 219 1461 1396">
    <p class='ocr_par' dir='ltr' id='par_1_2' title="bbox 125 219 1418 460">
     <span class='ocr_line' id='line_1_2' title="bbox 125 219 1417 273; baseline 0.001 -15"><span class='ocrx_word' id='word_1_6' title='bbox 125 219 285 258; x_wconf 84' lang='lat' dir='ltr'>adfatim</span> <span class='ocrx_word' id='word_1_7' title='bbox 309 233 472 271; x_wconf 89' lang='lat' dir='ltr'>prorsus,</span> <span class='ocrx_word' id='word_1_8' title='bbox 493 223 560 259; x_wconf 88' lang='lat' dir='ltr'>sed</span> <span class='ocrx_word' id='word_1_9' title='bbox 580 223 783 260; x_wconf 84' lang='lat' dir='ltr'>Xenonem</span> <span class='ocrx_word' id='word_1_10' title='bbox 811 222 1013 271; x_wconf 79' lang='lat' dir='ltr'>pei-exigue</span> <span class='ocrx_word' id='word_1_11' title='bbox 1041 229 1078 259; x_wconf 84' lang='lat' dir='ltr'>et</span> <span class='ocrx_word' id='word_1_12' title='bbox 1102 223 1287 273; x_wconf 81' lang='grc' dir='ltr'>γλίσχρως</span> <span class='ocrx_word' id='word_1_13' title='bbox 1314 234 1417 271; x_wconf 85' lang='lat' dir='ltr'>prae-</span> 
     </span>
     <span class='ocr_line' id='line_1_3' title="bbox 127 281 1418 336; baseline 0.001 -15"><span class='ocrx_word' id='word_1_14' title='bbox 127 283 217 321; x_wconf 90' lang='lat' dir='ltr'>bere</span> <span class='ocrx_word' id='word_1_15' title='bbox 246 281 302 335; x_wconf 84' lang='lat' dir='ltr'>[id</span> <span class='ocrx_word' id='word_1_16' title='bbox 328 291 386 322; x_wconf 89' lang='lat' dir='ltr'>est</span> <span class='ocrx_word' id='word_1_17' title='bbox 414 283 658 336; x_wconf 65' lang='lat' dir='ltr'>minutatim]</span> <span class='ocrx_word' id='word_1_18' title='bbox 717 286 834 332; x_wconf 88' lang='lat' dir='ltr'>Quod</span> <span class='ocrx_word' id='word_1_19' title='bbox 863 287 947 334; x_wconf 91' lang='lat' dir='ltr'>plus</span> <span class='ocrx_word' id='word_1_20' title='bbox 976 284 1198 334; x_wconf 83' lang='lat' dir='ltr'><strong>permutasti</strong></span> <span class='ocrx_word' id='word_1_21' title='bbox 1224 298 1339 333; x_wconf 85' lang='lat' dir='ltr'>quarn</span> <span class='ocrx_word' id='word_1_22' title='bbox 1367 285 1418 322; x_wconf 90' lang='lat' dir='ltr'>ad</span> 
     </span>
     <span class='ocr_line' id='line_1_4' title="bbox 126 346 1417 397; baseline 0.001 -14"><span class='ocrx_word' id='word_1_23' title='bbox 126 347 290 384; x_wconf 87' lang='lat' dir='ltr'>fructum</span> <span class='ocrx_word' id='word_1_24' title='bbox 320 346 538 393; x_wconf 86' lang='lat' dir='ltr'>insularum,</span> <span class='ocrx_word' id='word_1_25' title='bbox 572 347 612 384; x_wconf 88' lang='lat' dir='ltr'>id</span> <span class='ocrx_word' id='word_1_26' title='bbox 643 347 704 385; x_wconf 90' lang='lat' dir='ltr'>ille</span> <span class='ocrx_word' id='word_1_27' title='bbox 736 361 858 385; x_wconf 84' lang='lat' dir='ltr'>annus</span> <span class='ocrx_word' id='word_1_28' title='bbox 890 349 1028 386; x_wconf 89' lang='lat' dir='ltr'>habeat</span> <span class='ocrx_word' id='word_1_29' title='bbox 1059 348 1097 385; x_wconf 91' lang='lat' dir='ltr'>in</span> <span class='ocrx_word' id='word_1_30' title='bbox 1127 362 1241 397; x_wconf 84' lang='lat' dir='ltr'>quem</span> <span class='ocrx_word' id='word_1_31' title='bbox 1276 347 1417 385; x_wconf 88' lang='lat' dir='ltr'>itineris</span> 
     </span>
     <span class='ocr_line' id='line_1_5' title="bbox 126 410 1418 460; baseline 0.002 -14"><span class='ocrx_word' id='word_1_32' title='bbox 126 417 299 458; x_wconf 88' lang='lat' dir='ltr'>sumptus</span> <span class='ocrx_word' id='word_1_33' title='bbox 328 410 496 448; x_wconf 87' lang='lat' dir='ltr'>accessit.</span> <span class='ocrx_word' id='word_1_34' title='bbox 555 410 661 448; x_wconf 86' lang='lat' dir='ltr'>Hinc</span> <span class='ocrx_word' id='word_1_35' title='bbox 686 424 732 448; x_wconf 89' lang='lat' dir='ltr'>ex</span> <span class='ocrx_word' id='word_1_36' title='bbox 752 413 837 448; x_wconf 85' lang='lat' dir='ltr'>Kal.</span> <span class='ocrx_word' id='word_1_37' title='bbox 860 413 949 460; x_wconf 89' lang='lat' dir='ltr'>Apr.</span> <span class='ocrx_word' id='word_1_38' title='bbox 972 413 1021 449; x_wconf 84' lang='lat' dir='ltr'>ad</span> <span class='ocrx_word' id='word_1_39' title='bbox 1043 413 1111 449; x_wconf 85' lang='lat' dir='ltr'>HS</span> <span class='ocrx_word' id='word_1_40' title='bbox 1132 423 1243 448; x_wconf 78' lang='lat' dir='ltr'>Lxxx</span> <span class='ocrx_word' id='word_1_41' title='bbox 1270 424 1418 448; x_wconf 87' lang='lat' dir='ltr'>accom-</span> 
     </span>
    </p>

    <p class='ocr_par' dir='ltr' id='par_1_3' title="bbox 89 473 1461 776">
     <span class='ocr_line' id='line_1_6' title="bbox 89 473 1417 516; baseline 0.002 -7"><span class='ocrx_word' id='word_1_42' title='bbox 89 485 106 516; x_wconf 87' lang='lat'>5</span> <span class='ocrx_word' id='word_1_43' title='bbox 126 473 311 510; x_wconf 90' lang='lat' dir='ltr'>modetur.</span> <span class='ocrx_word' id='word_1_44' title='bbox 370 474 484 510; x_wconf 88' lang='lat' dir='ltr'>Nunc</span> <span class='ocrx_word' id='word_1_45' title='bbox 504 473 605 511; x_wconf 89' lang='lat' dir='ltr'>enim</span> <span class='ocrx_word' id='word_1_46' title='bbox 626 473 772 511; x_wconf 86' lang='lat' dir='ltr'>insulae</span> <span class='ocrx_word' id='word_1_47' title='bbox 792 481 949 512; x_wconf 88' lang='lat' dir='ltr'>tanturn.</span> <span class='ocrx_word' id='word_1_48' title='bbox 994 474 1217 511; x_wconf 78' lang='lat' dir='ltr'>Videndum</span> <span class='ocrx_word' id='word_1_49' title='bbox 1238 474 1339 511; x_wconf 90' lang='lat' dir='ltr'>enirn</span> <span class='ocrx_word' id='word_1_50' title='bbox 1361 481 1417 511; x_wconf 88' lang='lat' dir='ltr'>est</span> 
     </span>
     <span class='ocr_line' id='line_1_7' title="bbox 124 535 1419 587; baseline 0.002 -15"><span class='ocrx_word' id='word_1_51' title='bbox 124 535 228 584; x_wconf 90' lang='lat' dir='ltr'>quid,</span> <span class='ocrx_word' id='word_1_52' title='bbox 250 549 338 574; x_wconf 86' lang='lat' dir='ltr'>cum</span> <span class='ocrx_word' id='word_1_53' title='bbox 360 538 508 575; x_wconf 89' lang='lat' dir='ltr'>Romae</span> <span class='ocrx_word' id='word_1_54' title='bbox 528 536 606 575; x_wconf 92' lang='lat' dir='ltr'>erit.</span> <span class='ocrx_word' id='word_1_55' title='bbox 659 539 749 575; x_wconf 93' lang='lat' dir='ltr'>Non</span> <span class='ocrx_word' id='word_1_56' title='bbox 771 538 872 575; x_wconf 87' lang='lat' dir='ltr'>enim</span> <span class='ocrx_word' id='word_1_57' title='bbox 893 545 986 587; x_wconf 86' lang='lat' dir='ltr'>puto</span> <span class='ocrx_word' id='word_1_58' title='bbox 1007 551 1157 575; x_wconf 85' lang='lat' dir='ltr'>socrum</span> <span class='ocrx_word' id='word_1_59' title='bbox 1177 538 1277 574; x_wconf 87' lang='lat' dir='ltr'>illam</span> <span class='ocrx_word' id='word_1_60' title='bbox 1301 538 1419 575; x_wconf 89' lang='lat' dir='ltr'>feren-</span> 
     </span>
     <span class='ocr_line' id='line_1_8' title="bbox 123 599 1461 650; baseline 0.003 -15"><span class='ocrx_word' id='word_1_61' title='bbox 123 599 223 636; x_wconf 89' lang='lat' dir='ltr'>dam.</span> <span class='ocrx_word' id='word_1_62' title='bbox 282 599 447 637; x_wconf 83' lang='lat' dir='ltr'>Pindaro</span> <span class='ocrx_word' id='word_1_63' title='bbox 468 601 515 638; x_wconf 92' lang='lat' dir='ltr'>de</span> <span class='ocrx_word' id='word_1_64' title='bbox 532 601 709 639; x_wconf 89' lang='lat' dir='ltr'>Cumano</span> <span class='ocrx_word' id='word_1_65' title='bbox 729 614 916 650; x_wconf 81' lang='lat' dir='ltr'>negaram.</span> <span class='ocrx_word' id='word_1_66' title='bbox 969 602 1083 638; x_wconf 88' lang='lat' dir='ltr'>Nunc</span> <span class='ocrx_word' id='word_1_67' title='bbox 1104 601 1210 638; x_wconf 89' lang='lat' dir='ltr'>cuius</span> <span class='ocrx_word' id='word_1_68' title='bbox 1231 600 1283 638; x_wconf 92' lang='lat' dir='ltr'>rei</span> <span class='ocrx_word' id='word_1_69' title='bbox 1303 613 1417 638; x_wconf 83' lang='lat' dir='ltr'>causa</span> <span class='ocrx_word' id='word_1_70' title='bbox 1435 602 1461 639; x_wconf 90' lang='lat'>6</span> 
     </span>
     <span class='ocr_line' id='line_1_9' title="bbox 123 661 1416 712; baseline 0.001 -13"><span class='ocrx_word' id='word_1_71' title='bbox 123 661 360 699; x_wconf 84' lang='lat' dir='ltr'>tabellarium</span> <span class='ocrx_word' id='word_1_72' title='bbox 377 662 542 701; x_wconf 85' lang='lat' dir='ltr'>miserim</span> <span class='ocrx_word' id='word_1_73' title='bbox 557 663 697 712; x_wconf 89' lang='lat' dir='ltr'>accipe.</span> <span class='ocrx_word' id='word_1_74' title='bbox 743 663 910 711; x_wconf 81' lang='lat' dir='ltr'>Quintus</span> <span class='ocrx_word' id='word_1_75' title='bbox 927 664 1023 701; x_wconf 84' lang='lat' dir='ltr'>filius</span> <span class='ocrx_word' id='word_1_76' title='bbox 1044 663 1137 700; x_wconf 88' lang='lat' dir='ltr'>mihi</span> <span class='ocrx_word' id='word_1_77' title='bbox 1158 663 1357 712; x_wconf 87' lang='lat' dir='ltr'>pollicetur</span> <span class='ocrx_word' id='word_1_78' title='bbox 1377 677 1416 701; x_wconf 92' lang='lat' dir='ltr'>se</span> 
     </span>
     <span class='ocr_line' id='line_1_10' title="bbox 124 726 1415 776; baseline 0.001 -14"><span class='ocrx_word' id='word_1_79' title='bbox 124 726 323 763; x_wconf 91' lang='lat' dir='ltr'>Catonern.</span> <span class='ocrx_word' id='word_1_80' title='bbox 382 726 469 775; x_wconf 84' lang='lat' dir='ltr'>Egit</span> <span class='ocrx_word' id='word_1_81' title='bbox 493 734 620 764; x_wconf 90' lang='lat' dir='ltr'>autem</span> <span class='ocrx_word' id='word_1_82' title='bbox 645 734 682 764; x_wconf 85' lang='lat' dir='ltr'>et</span> <span class='ocrx_word' id='word_1_83' title='bbox 708 734 814 776; x_wconf 81' lang='lat' dir='ltr'>pater</span> <span class='ocrx_word' id='word_1_84' title='bbox 839 735 875 764; x_wconf 90' lang='lat' dir='ltr'>et</span> <span class='ocrx_word' id='word_1_85' title='bbox 905 727 1002 764; x_wconf 89' lang='lat' dir='ltr'>filius</span> <span class='ocrx_word' id='word_1_86' title='bbox 1022 735 1063 764; x_wconf 91' lang='lat' dir='ltr'>ut</span> <span class='ocrx_word' id='word_1_87' title='bbox 1089 726 1157 765; x_wconf 92' lang='lat' dir='ltr'>tibi</span> <span class='ocrx_word' id='word_1_88' title='bbox 1186 728 1415 776; x_wconf 83' lang='lat' dir='ltr'>sponderem</span> 
     </span>
    </p>

    <p class='ocr_par' dir='ltr' id='par_1_4' title="bbox 69 787 1415 1092">
     <span class='ocr_line' id='line_1_11' title="bbox 69 787 1415 839; baseline 0.003 -15"><span class='ocrx_word' id='word_1_89' title='bbox 69 801 107 824; x_wconf 87' lang='lat'>10</span> <span class='ocrx_word' id='word_1_90' title='bbox 124 789 192 825; x_wconf 92' lang='lat' dir='ltr'>sed</span> <span class='ocrx_word' id='word_1_91' title='bbox 221 787 273 826; x_wconf 82' lang='lat' dir='ltr'>ita</span> <span class='ocrx_word' id='word_1_92' title='bbox 302 795 343 825; x_wconf 92' lang='lat' dir='ltr'>ut</span> <span class='ocrx_word' id='word_1_93' title='bbox 375 796 456 826; x_wconf 91' lang='lat' dir='ltr'>tum</span> <span class='ocrx_word' id='word_1_94' title='bbox 488 791 659 828; x_wconf 83' lang='lat' dir='ltr'>crederes</span> <span class='ocrx_word' id='word_1_95' title='bbox 697 803 785 827; x_wconf 80' lang='lat' dir='ltr'>Cum</span> <span class='ocrx_word' id='word_1_96' title='bbox 819 790 898 838; x_wconf 92' lang='lat' dir='ltr'>ipse</span> <span class='ocrx_word' id='word_1_97' title='bbox 932 803 1146 839; x_wconf 82' lang='lat' dir='ltr'>cognosses.</span> <span class='ocrx_word' id='word_1_98' title='bbox 1207 789 1312 827; x_wconf 89' lang='lat' dir='ltr'>Huic</span> <span class='ocrx_word' id='word_1_99' title='bbox 1344 803 1415 839; x_wconf 85' lang='lat' dir='ltr'>ego</span> 
     </span>
     <span class='ocr_line' id='line_1_12' title="bbox 123 851 1413 901; baseline 0.003 -14"><span class='ocrx_word' id='word_1_100' title='bbox 123 851 263 889; x_wconf 82' lang='lat' dir='ltr'>litteras</span> <span class='ocrx_word' id='word_1_101' title='bbox 292 851 409 901; x_wconf 89' lang='lat' dir='ltr'>ipsius</span> <span class='ocrx_word' id='word_1_102' title='bbox 437 852 617 890; x_wconf 86' lang='lat' dir='ltr'>arbitratu</span> <span class='ocrx_word' id='word_1_103' title='bbox 647 854 758 891; x_wconf 92' lang='lat' dir='ltr'>dabo.</span> <span class='ocrx_word' id='word_1_104' title='bbox 817 855 896 891; x_wconf 82' lang='lat' dir='ltr'>Eae</span> <span class='ocrx_word' id='word_1_105' title='bbox 929 861 965 891; x_wconf 91' lang='lat' dir='ltr'>te</span> <span class='ocrx_word' id='word_1_106' title='bbox 996 868 1044 891; x_wconf 95' lang='lat' dir='ltr'>ne</span> <span class='ocrx_word' id='word_1_107' title='bbox 1075 853 1271 892; x_wconf 74' lang='lat' dir='ltr'>moverint.</span> <span class='ocrx_word' id='word_1_108' title='bbox 1330 855 1413 891; x_wconf 82' lang='lat' dir='ltr'>Has</span> 
     </span>
     <span class='ocr_line' id='line_1_13' title="bbox 122 914 1414 966; baseline 0.002 -15"><span class='ocrx_word' id='word_1_109' title='bbox 122 914 253 964; x_wconf 83' lang='lat' dir='ltr'>scripsi</span> <span class='ocrx_word' id='word_1_110' title='bbox 273 915 312 952; x_wconf 90' lang='lat' dir='ltr'>in</span> <span class='ocrx_word' id='word_1_111' title='bbox 338 929 420 953; x_wconf 79' lang='lat' dir='ltr'>eam</span> <span class='ocrx_word' id='word_1_112' title='bbox 449 924 592 965; x_wconf 82' lang='lat' dir='ltr'>partem</span> <span class='ocrx_word' id='word_1_113' title='bbox 616 930 665 954; x_wconf 90' lang='lat' dir='ltr'>ne</span> <span class='ocrx_word' id='word_1_114' title='bbox 688 930 750 954; x_wconf 88' lang='lat' dir='ltr'>me</span> <span class='ocrx_word' id='word_1_115' title='bbox 773 925 919 954; x_wconf 90' lang='lat' dir='ltr'>motum</span> <span class='ocrx_word' id='word_1_116' title='bbox 946 925 1107 966; x_wconf 85' lang='lat' dir='ltr'>putares.</span> <span class='ocrx_word' id='word_1_117' title='bbox 1167 917 1216 954; x_wconf 87' lang='lat' dir='ltr'>Di</span> <span class='ocrx_word' id='word_1_118' title='bbox 1237 917 1353 954; x_wconf 84' lang='lat' dir='ltr'>faxint</span> <span class='ocrx_word' id='word_1_119' title='bbox 1373 924 1414 955; x_wconf 92' lang='lat' dir='ltr'>ut</span> 
     </span>
     <span class='ocr_line' id='line_1_14' title="bbox 121 978 1412 1029; baseline 0.002 -14"><span class='ocrx_word' id='word_1_120' title='bbox 121 978 233 1016; x_wconf 86' lang='lat' dir='ltr'>faciat</span> <span class='ocrx_word' id='word_1_121' title='bbox 256 992 300 1016; x_wconf 80' lang='lat' dir='ltr'>ea</span> <span class='ocrx_word' id='word_1_122' title='bbox 320 993 418 1029; x_wconf 84' lang='lat' dir='ltr'>quae</span> <span class='ocrx_word' id='word_1_123' title='bbox 442 980 653 1028; x_wconf 80' lang='lat' dir='ltr'>promittit!</span> <span class='ocrx_word' id='word_1_124' title='bbox 709 982 927 1019; x_wconf 90' lang='lat' dir='ltr'>Commune</span> <span class='ocrx_word' id='word_1_125' title='bbox 956 980 1057 1018; x_wconf 88' lang='lat' dir='ltr'>enirn</span> <span class='ocrx_word' id='word_1_126' title='bbox 1087 980 1278 1029; x_wconf 85' lang='lat' dir='ltr'>gaudium.</span> <span class='ocrx_word' id='word_1_127' title='bbox 1337 980 1412 1018; x_wconf 86' lang='lat' dir='ltr'>Sed</span> 
     </span>
     <span class='ocr_line' id='line_1_15' title="bbox 121 1042 1413 1092; baseline 0.001 -13"><span class='ocrx_word' id='word_1_128' title='bbox 121 1042 339 1091; x_wconf 73' lang='lat' dir='ltr'>ego-nihil</span> <span class='ocrx_word' id='word_1_129' title='bbox 368 1042 456 1081; x_wconf 87' lang='lat' dir='ltr'>dico</span> <span class='ocrx_word' id='word_1_130' title='bbox 484 1043 656 1092; x_wconf 83' lang='lat' dir='ltr'>amplius.</span> <span class='ocrx_word' id='word_1_131' title='bbox 716 1045 754 1081; x_wconf 91' lang='lat' dir='ltr'>Is</span> <span class='ocrx_word' id='word_1_132' title='bbox 781 1043 870 1082; x_wconf 90' lang='lat' dir='ltr'>hinc</span> <span class='ocrx_word' id='word_1_133' title='bbox 897 1056 951 1081; x_wconf 84' lang='lat' dir='ltr'>V11</span> <span class='ocrx_word' id='word_1_134' title='bbox 978 1045 1080 1082; x_wconf 89' lang='lat' dir='ltr'>Idus.</span> <span class='ocrx_word' id='word_1_135' title='bbox 1138 1044 1203 1080; x_wconf 86' lang='lat' dir='ltr'>Ait</span> <span class='ocrx_word' id='word_1_136' title='bbox 1232 1043 1333 1081; x_wconf 89' lang='lat' dir='ltr'>enim</span> <span class='ocrx_word' id='word_1_137' title='bbox 1362 1051 1413 1080; x_wconf 86' lang='lat' dir='ltr'>at-</span> 
     </span>
    </p>

    <p class='ocr_par' dir='ltr' id='par_1_5' title="bbox 66 1104 1412 1396">
     <span class='ocr_line' id='line_1_16' title="bbox 66 1104 1412 1156; baseline 0.001 -15"><span class='ocrx_word' id='word_1_138' title='bbox 66 1117 102 1149; x_wconf 88' lang='lat'>15</span> <span class='ocrx_word' id='word_1_139' title='bbox 120 1104 366 1143; x_wconf 87' lang='lat' dir='ltr'>tributionem</span> <span class='ocrx_word' id='word_1_140' title='bbox 393 1105 431 1143; x_wconf 90' lang='lat' dir='ltr'>in</span> <span class='ocrx_word' id='word_1_141' title='bbox 460 1108 563 1152; x_wconf 90' lang='lat' dir='ltr'>Idus,</span> <span class='ocrx_word' id='word_1_142' title='bbox 586 1120 625 1144; x_wconf 91' lang='lat' dir='ltr'>se</span> <span class='ocrx_word' id='word_1_143' title='bbox 652 1114 780 1144; x_wconf 84' lang='lat' dir='ltr'>autern</span> <span class='ocrx_word' id='word_1_144' title='bbox 809 1107 929 1156; x_wconf 86' lang='lat' dir='ltr'>urgeri</span> <span class='ocrx_word' id='word_1_145' title='bbox 958 1107 1100 1144; x_wconf 83' lang='lat' dir='ltr'>acriter.</span> <span class='ocrx_word' id='word_1_146' title='bbox 1157 1108 1218 1143; x_wconf 88' lang='lat' dir='ltr'>Tu</span> <span class='ocrx_word' id='word_1_147' title='bbox 1245 1120 1289 1143; x_wconf 80' lang='lat' dir='ltr'>ex</span> <span class='ocrx_word' id='word_1_148' title='bbox 1318 1106 1412 1143; x_wconf 86' lang='lat' dir='ltr'>meis</span> 
     </span>
     <span class='ocr_line' id='line_1_17' title="bbox 120 1168 1408 1219; baseline 0.001 -14"><span class='ocrx_word' id='word_1_149' title='bbox 120 1168 250 1206; x_wconf 88' lang='lat' dir='ltr'>litteris</span> <span class='ocrx_word' id='word_1_150' title='bbox 288 1182 366 1218; x_wconf 88' lang='lat' dir='ltr'>quo</span> <span class='ocrx_word' id='word_1_151' title='bbox 403 1171 521 1207; x_wconf 85' lang='lat' dir='ltr'>modo</span> <span class='ocrx_word' id='word_1_152' title='bbox 558 1171 788 1219; x_wconf 81' lang='lat' dir='ltr'>respondeas</span> <span class='ocrx_word' id='word_1_153' title='bbox 833 1170 1089 1207; x_wconf 88' lang='lat' dir='ltr'>moderabere.</span> <span class='ocrx_word' id='word_1_154' title='bbox 1161 1171 1283 1215; x_wconf 87' lang='lat' dir='ltr'>Plura,</span> <span class='ocrx_word' id='word_1_155' title='bbox 1323 1182 1408 1206; x_wconf 89' lang='lat' dir='ltr'>cum</span> 
     </span>
     <span class='ocr_line' id='line_1_18' title="bbox 120 1232 1411 1271; baseline 0.002 -3"><span class='ocrx_word' id='word_1_156' title='bbox 120 1238 157 1268; x_wconf 92' lang='lat' dir='ltr'>et</span> <span class='ocrx_word' id='word_1_157' title='bbox 184 1234 342 1269; x_wconf 89' lang='lat' dir='ltr'>Brutum</span> <span class='ocrx_word' id='word_1_158' title='bbox 372 1232 502 1270; x_wconf 88' lang='lat' dir='ltr'>videro</span> <span class='ocrx_word' id='word_1_159' title='bbox 530 1240 566 1270; x_wconf 92' lang='lat' dir='ltr'>et</span> <span class='ocrx_word' id='word_1_160' title='bbox 597 1235 750 1270; x_wconf 88' lang='lat' dir='ltr'>Erotem</span> <span class='ocrx_word' id='word_1_161' title='bbox 781 1232 980 1270; x_wconf 88' lang='lat' dir='ltr'>remittam.</span> <span class='ocrx_word' id='word_1_162' title='bbox 1038 1232 1188 1270; x_wconf 82' lang='lat' dir='ltr'>Atticae</span> <span class='ocrx_word' id='word_1_163' title='bbox 1217 1245 1324 1271; x_wconf 89' lang='lat' dir='ltr'>meae</span> <span class='ocrx_word' id='word_1_164' title='bbox 1353 1246 1411 1270; x_wconf 82' lang='lat' dir='ltr'>ex-</span> 
     </span>
     <span class='ocr_line' id='line_1_19' title="bbox 119 1294 1410 1346; baseline 0.002 -15"><span class='ocrx_word' id='word_1_165' title='bbox 119 1294 354 1332; x_wconf 85' lang='lat' dir='ltr'>cusationem</span> <span class='ocrx_word' id='word_1_166' title='bbox 385 1295 532 1345; x_wconf 85' lang='lat' dir='ltr'>accipio</span> <span class='ocrx_word' id='word_1_167' title='bbox 561 1309 722 1345; x_wconf 81' lang='lat' dir='ltr'>eamque</span> <span class='ocrx_word' id='word_1_168' title='bbox 750 1309 838 1334; x_wconf 85' lang='lat' dir='ltr'>amo</span> <span class='ocrx_word' id='word_1_169' title='bbox 867 1295 1072 1346; x_wconf 86' lang='lat' dir='ltr'>plurimum</span> <span class='ocrx_word' id='word_1_170' title='bbox 1087 1310 1097 1342; x_wconf 80' lang='lat'>,-</span> <span class='ocrx_word' id='word_1_171' title='bbox 1133 1295 1195 1332; x_wconf 88' lang='lat' dir='ltr'>cui</span> <span class='ocrx_word' id='word_1_172' title='bbox 1227 1302 1263 1333; x_wconf 91' lang='lat' dir='ltr'>et</span> <span class='ocrx_word' id='word_1_173' title='bbox 1292 1294 1410 1334; x_wconf 81' lang='lat' dir='ltr'>Piliae</span> 
     </span>
     <span class='ocr_line' id='line_1_20' title="bbox 118 1359 288 1396; baseline 0.012 -2"><span class='ocrx_word' id='word_1_174' title='bbox 118 1359 288 1396; x_wconf 86' lang='lat' dir='ltr'>salutern.</span> 
     </span>
    </p>
   </div>
   <div class='ocr_carea' id='block_1_3' title="bbox 1132 410 1243 417">
    <p class='ocr_par' dir='ltr' id='par_1_6' title="bbox 1132 410 1243 417">
     <span class='ocr_line' id='line_1_21' title="bbox 1132 410 1243 417; baseline 0 0"><span class='ocrx_word' id='word_1_175' title='bbox 1132 410 1243 417; x_wconf 95' lang='lat' dir='ltr'> </span> 
     </span>
    </p>
   </div>
   <div class='ocr_carea' id='block_1_4' title="bbox 62 1461 1146 1573">
    <p class='ocr_par' dir='ltr' id='par_1_7' title="bbox 62 1461 1146 1573">
     <span class='ocr_line' id='line_1_22' title="bbox 62 1461 1146 1506; baseline 0.002 -10"><span class='ocrx_word' id='word_1_176' title='bbox 62 1472 102 1496; x_wconf 89' lang='lat'>20</span> <span class='ocrx_word' id='word_1_177' title='bbox 161 1461 209 1497; x_wconf 90' lang='grc' dir='ltr'>ῙῙ</span> <span class='ocrx_word' id='word_1_178' title='bbox 378 1465 445 1497; x_wconf 83' lang='lat' dir='ltr'>Scr.</span> <span class='ocrx_word' id='word_1_179' title='bbox 465 1467 497 1497; x_wconf 80' lang='lat' dir='ltr'>in</span> <span class='ocrx_word' id='word_1_180' title='bbox 514 1466 691 1497; x_wconf 77' lang='lat' dir='ltr'>Puteolano</span> <span class='ocrx_word' id='word_1_181' title='bbox 706 1466 784 1497; x_wconf 84' lang='lat' dir='ltr'>vld.</span> <span class='ocrx_word' id='word_1_182' title='bbox 806 1466 914 1505; x_wconf 73' lang='lat' dir='ltr'>Quini.</span> <span class='ocrx_word' id='word_1_183' title='bbox 935 1477 965 1497; x_wconf 85' lang='lat' dir='ltr'>a.</span> <span class='ocrx_word' id='word_1_184' title='bbox 989 1475 1044 1505; x_wconf 88' lang='lat'>710</span> <span class='ocrx_word' id='word_1_185' title='bbox 1063 1468 1146 1506; x_wconf 70' lang='lat'><em>(44).</em></span> 
     </span>
     <span class='ocr_line' id='line_1_23' title="bbox 515 1541 1007 1573; baseline 0 0"><span class='ocrx_word' id='word_1_186' title='bbox 515 1543 683 1573; x_wconf 78' lang='lat' dir='ltr'><em>CICERO</em></span> <span class='ocrx_word' id='word_1_187' title='bbox 706 1542 881 1573; x_wconf 86' lang='lat' dir='ltr'><em>ATTICO</em></span> <span class='ocrx_word' id='word_1_188' title='bbox 903 1541 1007 1573; x_wconf 81' lang='lat' dir='ltr'><em>SAL.</em></span> 
     </span>
    </p>
   </div>
   <div class='ocr_carea' id='block_1_5' title="bbox 59 1612 1444 2104">
    <p class='ocr_par' dir='ltr' id='par_1_8' title="bbox 115 1612 1444 1784">
     <span class='ocr_line' id='line_1_24' title="bbox 170 1612 1444 1661; baseline 0.002 -12"><span class='ocrx_word' id='word_1_189' title='bbox 170 1622 209 1648; x_wconf 79' lang='lat' dir='ltr'>vl</span> <span class='ocrx_word' id='word_1_190' title='bbox 242 1612 336 1650; x_wconf 90' lang='lat' dir='ltr'>Idus</span> <span class='ocrx_word' id='word_1_191' title='bbox 365 1613 460 1650; x_wconf 85' lang='lat' dir='ltr'>duas</span> <span class='ocrx_word' id='word_1_192' title='bbox 494 1612 673 1661; x_wconf 84' lang='lat' dir='ltr'>epistulas</span> <span class='ocrx_word' id='word_1_193' title='bbox 705 1612 846 1661; x_wconf 84' lang='lat' dir='ltr'>accepi,</span> <span class='ocrx_word' id='word_1_194' title='bbox 879 1625 993 1650; x_wconf 88' lang='lat' dir='ltr'>unam</span> <span class='ocrx_word' id='word_1_195' title='bbox 1027 1625 1050 1649; x_wconf 83' lang='lat' dir='ltr'>a</span> <span class='ocrx_word' id='word_1_196' title='bbox 1082 1625 1168 1650; x_wconf 90' lang='lat' dir='ltr'>meo</span> <span class='ocrx_word' id='word_1_197' title='bbox 1199 1612 1404 1660; x_wconf 83' lang='lat' dir='ltr'>tabellario,</span> <span class='ocrx_word' id='word_1_198' title='bbox 1427 1623 1444 1652; x_wconf 92' lang='lat'>1</span> 
     </span>
     <span class='ocr_line' id='line_1_25' title="bbox 115 1675 1406 1724; baseline 0.002 -12"><span class='ocrx_word' id='word_1_199' title='bbox 115 1675 271 1713; x_wconf 88' lang='lat' dir='ltr'>alteram</span> <span class='ocrx_word' id='word_1_200' title='bbox 292 1690 314 1712; x_wconf 86' lang='grc' dir='ltr'><em>α</em></span> <span class='ocrx_word' id='word_1_201' title='bbox 336 1675 451 1713; x_wconf 89' lang='lat' dir='ltr'>Bruti.</span> <span class='ocrx_word' id='word_1_202' title='bbox 511 1677 570 1713; x_wconf 88' lang='lat' dir='ltr'>De</span> <span class='ocrx_word' id='word_1_203' title='bbox 592 1676 799 1714; x_wconf 85' lang='lat' dir='ltr'>Buthrotiis</span> <span class='ocrx_word' id='word_1_204' title='bbox 820 1678 932 1724; x_wconf 84' lang='lat' dir='ltr'>longe</span> <span class='ocrx_word' id='word_1_205' title='bbox 957 1675 1030 1712; x_wconf 83' lang='lat' dir='ltr'>alia</span> <span class='ocrx_word' id='word_1_206' title='bbox 1055 1677 1158 1712; x_wconf 85' lang='lat' dir='ltr'>fama</span> <span class='ocrx_word' id='word_1_207' title='bbox 1177 1675 1216 1712; x_wconf 90' lang='lat' dir='ltr'>in</span> <span class='ocrx_word' id='word_1_208' title='bbox 1237 1676 1294 1713; x_wconf 85' lang='lat' dir='ltr'>his</span> <span class='ocrx_word' id='word_1_209' title='bbox 1314 1676 1406 1714; x_wconf 89' lang='lat' dir='ltr'>locis</span> 
     </span>
     <span class='ocr_line' id='line_1_26' title="bbox 115 1738 1407 1784; baseline 0.003 -10"><span class='ocrx_word' id='word_1_210' title='bbox 115 1738 246 1784; x_wconf 83' lang='lat' dir='ltr'>fuerat,</span> <span class='ocrx_word' id='word_1_211' title='bbox 268 1740 335 1776; x_wconf 90' lang='lat' dir='ltr'>sed</span> <span class='ocrx_word' id='word_1_212' title='bbox 361 1752 448 1777; x_wconf 90' lang='lat' dir='ltr'>cum</span> <span class='ocrx_word' id='word_1_213' title='bbox 474 1739 555 1776; x_wconf 84' lang='lat' dir='ltr'>aliis</span> <span class='ocrx_word' id='word_1_214' title='bbox 581 1739 707 1776; x_wconf 87' lang='lat' dir='ltr'>multis</span> <span class='ocrx_word' id='word_1_215' title='bbox 734 1741 807 1776; x_wconf 87' lang='lat' dir='ltr'>hoc</span> <span class='ocrx_word' id='word_1_216' title='bbox 833 1741 1042 1777; x_wconf 87' lang='lat' dir='ltr'>ferendum.</span> <span class='ocrx_word' id='word_1_217' title='bbox 1102 1741 1256 1777; x_wconf 88' lang='lat' dir='ltr'>Erotem</span> <span class='ocrx_word' id='word_1_218' title='bbox 1281 1739 1407 1778; x_wconf 90' lang='lat' dir='ltr'>remisi</span> 
     </span>
    </p>

    <p class='ocr_par' dir='ltr' id='par_1_9' title="bbox 59 1801 1407 2104">
     <span class='ocr_line' id='line_1_27' title="bbox 59 1801 1407 1851; baseline 0.001 -12"><span class='ocrx_word' id='word_1_219' title='bbox 59 1811 97 1843; x_wconf 85' lang='lat'>25</span> <span class='ocrx_word' id='word_1_220' title='bbox 116 1801 226 1839; x_wconf 89' lang='lat' dir='ltr'>citius</span> <span class='ocrx_word' id='word_1_221' title='bbox 255 1815 369 1851; x_wconf 88' lang='lat' dir='ltr'>quam</span> <span class='ocrx_word' id='word_1_222' title='bbox 399 1802 678 1848; x_wconf 80' lang='lat' dir='ltr'>constitueram,</span> <span class='ocrx_word' id='word_1_223' title='bbox 706 1809 746 1839; x_wconf 91' lang='lat' dir='ltr'>ut</span> <span class='ocrx_word' id='word_1_224' title='bbox 775 1810 872 1840; x_wconf 89' lang='lat' dir='ltr'>esset</span> <span class='ocrx_word' id='word_1_225' title='bbox 901 1802 966 1851; x_wconf 85' lang='lat' dir='ltr'>qui</span> <span class='ocrx_word' id='word_1_226' title='bbox 992 1802 1201 1840; x_wconf 91' lang='lat' dir='ltr'>Hortensio</span> <span class='ocrx_word' id='word_1_227' title='bbox 1230 1810 1266 1840; x_wconf 89' lang='lat' dir='ltr'>et</span> <span class='ocrx_word' id='word_1_228' title='bbox 1294 1802 1407 1851; x_wconf 84' lang='lat' dir='ltr'>†quia</span> 
     </span>
     <span class='ocr_line' id='line_1_28' title="bbox 116 1865 1406 1915; baseline 0.002 -13"><span class='ocrx_word' id='word_1_229' title='bbox 116 1868 160 1904; x_wconf 87' lang='lat' dir='ltr'>e†</span> <span class='ocrx_word' id='word_1_230' title='bbox 190 1865 329 1914; x_wconf 89' lang='lat' dir='ltr'>quibus</span> <span class='ocrx_word' id='word_1_231' title='bbox 360 1865 515 1915; x_wconf 87' lang='lat' dir='ltr'>quidem</span> <span class='ocrx_word' id='word_1_232' title='bbox 547 1865 599 1902; x_wconf 84' lang='lat' dir='ltr'>ait</span> <span class='ocrx_word' id='word_1_233' title='bbox 630 1879 669 1903; x_wconf 89' lang='lat' dir='ltr'>se</span> <span class='ocrx_word' id='word_1_234' title='bbox 699 1866 833 1903; x_wconf 89' lang='lat' dir='ltr'>Idibus</span> <span class='ocrx_word' id='word_1_235' title='bbox 866 1866 1117 1903; x_wconf 84' lang='lat' dir='ltr'>constituisse.</span> <span class='ocrx_word' id='word_1_236' title='bbox 1175 1866 1406 1904; x_wconf 88' lang='lat' dir='ltr'>Hortensius</span> 
     </span>
     <span class='ocr_line' id='line_1_29' title="bbox 113 1928 1406 1978; baseline -0.001 -11"><span class='ocrx_word' id='word_1_237' title='bbox 113 1942 203 1967; x_wconf 88' lang='lat' dir='ltr'>vero</span> <span class='ocrx_word' id='word_1_238' title='bbox 222 1929 472 1978; x_wconf 89' lang='lat' dir='ltr'>impudenter.</span> <span class='ocrx_word' id='word_1_239' title='bbox 531 1928 637 1966; x_wconf 90' lang='lat' dir='ltr'>Nihil</span> <span class='ocrx_word' id='word_1_240' title='bbox 663 1928 765 1966; x_wconf 89' lang='lat' dir='ltr'>enirn</span> <span class='ocrx_word' id='word_1_241' title='bbox 789 1929 949 1966; x_wconf 90' lang='lat' dir='ltr'>debetur</span> <span class='ocrx_word' id='word_1_242' title='bbox 977 1928 1011 1966; x_wconf 92' lang='lat' dir='ltr'>ei</span> <span class='ocrx_word' id='word_1_243' title='bbox 1035 1928 1106 1966; x_wconf 92' lang='lat' dir='ltr'>nisi</span> <span class='ocrx_word' id='word_1_244' title='bbox 1126 1942 1170 1966; x_wconf 88' lang='lat' dir='ltr'>ex</span> <span class='ocrx_word' id='word_1_245' title='bbox 1190 1928 1298 1966; x_wconf 85' lang='lat' dir='ltr'>tertia</span> <span class='ocrx_word' id='word_1_246' title='bbox 1316 1942 1406 1978; x_wconf 92' lang='lat' dir='ltr'>pen-</span> 
     </span>
     <span class='ocr_line' id='line_1_30' title="bbox 115 1991 1405 2041; baseline 0.001 -12"><span class='ocrx_word' id='word_1_247' title='bbox 115 1991 222 2030; x_wconf 88' lang='lat' dir='ltr'>sione</span> <span class='ocrx_word' id='word_1_248' title='bbox 235 2006 332 2041; x_wconf 83' lang='lat' dir='ltr'>quae</span> <span class='ocrx_word' id='word_1_249' title='bbox 348 2000 403 2030; x_wconf 92' lang='lat' dir='ltr'>est</span> <span class='ocrx_word' id='word_1_250' title='bbox 419 1994 502 2030; x_wconf 82' lang='lat' dir='ltr'>Kal.</span> <span class='ocrx_word' id='word_1_251' title='bbox 520 1994 638 2039; x_wconf 80' lang='lat' dir='ltr'>Sext.;</span> <span class='ocrx_word' id='word_1_252' title='bbox 672 2006 716 2029; x_wconf 87' lang='lat' dir='ltr'>ex</span> <span class='ocrx_word' id='word_1_253' title='bbox 729 2004 805 2040; x_wconf 87' lang='lat' dir='ltr'>qua</span> <span class='ocrx_word' id='word_1_254' title='bbox 817 1991 1001 2040; x_wconf 88' lang='lat' dir='ltr'>pensione</span> <span class='ocrx_word' id='word_1_255' title='bbox 1017 1992 1098 2041; x_wconf 82' lang='lat' dir='ltr'>ipsa</span> <span class='ocrx_word' id='word_1_256' title='bbox 1114 1991 1233 2029; x_wconf 88' lang='lat' dir='ltr'>maior</span> <span class='ocrx_word' id='word_1_257' title='bbox 1248 2005 1332 2041; x_wconf 88' lang='lat' dir='ltr'>pars</span> <span class='ocrx_word' id='word_1_258' title='bbox 1349 1999 1405 2030; x_wconf 91' lang='lat' dir='ltr'>est</span> 
     </span>
     <span class='ocr_line' id='line_1_31' title="bbox 114 2054 1400 2104; baseline 0 -11"><span class='ocrx_word' id='word_1_259' title='bbox 114 2054 149 2093; x_wconf 88' lang='lat' dir='ltr'>ei</span> <span class='ocrx_word' id='word_1_260' title='bbox 169 2057 292 2093; x_wconf 84' lang='lat' dir='ltr'>soluta</span> <span class='ocrx_word' id='word_1_261' title='bbox 310 2055 505 2104; x_wconf 86' lang='lat' dir='ltr'>aliquanto</span> <span class='ocrx_word' id='word_1_262' title='bbox 523 2063 613 2093; x_wconf 85' lang='lat' dir='ltr'>ante</span> <span class='ocrx_word' id='word_1_263' title='bbox 633 2055 745 2092; x_wconf 90' lang='lat' dir='ltr'>diem.</span> <span class='ocrx_word' id='word_1_264' title='bbox 791 2056 867 2092; x_wconf 87' lang='lat' dir='ltr'>Sed</span> <span class='ocrx_word' id='word_1_265' title='bbox 880 2056 974 2092; x_wconf 84' lang='lat' dir='ltr'>haec</span> <span class='ocrx_word' id='word_1_266' title='bbox 989 2057 1084 2092; x_wconf 90' lang='lat' dir='ltr'>Eros</span> <span class='ocrx_word' id='word_1_267' title='bbox 1098 2055 1242 2093; x_wconf 82' lang='lat' dir='ltr'>videbit</span> <span class='ocrx_word' id='word_1_268' title='bbox 1256 2055 1400 2093; x_wconf 89' lang='lat' dir='ltr'>Idibus.</span> 
     </span>
    </p>
   </div>
   <div class='ocr_carea' id='block_1_6' title="bbox 112 2155 1402 2408">
    <p class='ocr_par' dir='ltr' id='par_1_10' title="bbox 112 2155 1402 2408">
     <span class='ocr_line' id='line_1_32' title="bbox 156 2155 1402 2195; baseline 0 -9"><span class='ocrx_word' id='word_1_269' title='bbox 156 2167 174 2186; x_wconf 88' lang='lat'>2</span> <span class='ocrx_word' id='word_1_270' title='bbox 200 2158 231 2187; x_wconf 93' lang='lat' dir='ltr'>id</span> <span class='ocrx_word' id='word_1_271' title='bbox 245 2161 294 2187; x_wconf 87' lang='lat' dir='ltr'>est</span> <span class='ocrx_word' id='word_1_272' title='bbox 310 2156 490 2187; x_wconf 77' lang='lat' dir='ltr'>minutatim</span> <span class='ocrx_word' id='word_1_273' title='bbox 506 2156 562 2187; x_wconf 77' lang='lat' dir='ltr'>dcl.</span> <span class='ocrx_word' id='word_1_274' title='bbox 580 2155 739 2187; x_wconf 67' lang='lat' dir='ltr'>Cortadus</span> <span class='ocrx_word' id='word_1_275' title='bbox 827 2155 923 2193; x_wconf 81' lang='lat' dir='ltr'>Quod</span> <span class='ocrx_word' id='word_1_276' title='bbox 946 2155 1091 2186; x_wconf 72' lang='lat' dir='ltr'>Ernesti:</span> <span class='ocrx_word' id='word_1_277' title='bbox 1116 2166 1180 2194; x_wconf 83' lang='lat' dir='ltr'>quo</span> <span class='ocrx_word' id='word_1_278' title='bbox 1197 2156 1234 2185; x_wconf 94' lang='lat' dir='ltr'><em>M</em></span> <span class='ocrx_word' id='word_1_279' title='bbox 1366 2167 1402 2195; x_wconf 91' lang='lat'>14</span> 
     </span>
     <span class='ocr_line' id='line_1_33' title="bbox 113 2198 1402 2236; baseline 0.001 -8"><span class='ocrx_word' id='word_1_280' title='bbox 113 2207 162 2228; x_wconf 86' lang='lat' dir='ltr'>v11</span> <span class='ocrx_word' id='word_1_281' title='bbox 179 2198 231 2229; x_wconf 90' lang='lat' dir='ltr'>M:</span> <span class='ocrx_word' id='word_1_282' title='bbox 255 2209 288 2228; x_wconf 79' lang='lat' dir='ltr'>vr</span> <span class='ocrx_word' id='word_1_283' title='bbox 307 2198 400 2228; x_wconf 81' lang='lat' dir='ltr'>Rom.</span> <span class='ocrx_word' id='word_1_284' title='bbox 526 2208 565 2236; x_wconf 79' lang='lat'>23</span> <span class='ocrx_word' id='word_1_285' title='bbox 590 2210 607 2229; x_wconf 88' lang='lat' dir='ltr'>a</span> <span class='ocrx_word' id='word_1_286' title='bbox 624 2198 697 2228; x_wconf 81' lang='lat' dir='ltr'>add.</span> <span class='ocrx_word' id='word_1_287' title='bbox 718 2198 833 2228; x_wconf 62' lang='lat' dir='ltr'>Lamb.</span> <span class='ocrx_word' id='word_1_288' title='bbox 923 2208 961 2235; x_wconf 82' lang='lat'>25</span> <span class='ocrx_word' id='word_1_289' title='bbox 988 2199 1185 2229; x_wconf 40' lang='lat' dir='ltr'>Hortensio*</span> <span class='ocrx_word' id='word_1_290' title='bbox 1208 2199 1402 2229; x_wconf 88' lang='lat' dir='ltr'>Hordeonio</span> 
     </span>
     <span class='ocr_line' id='line_1_34' title="bbox 113 2239 1400 2280; baseline 0 -9"><span class='ocrx_word' id='word_1_291' title='bbox 113 2241 234 2272; x_wconf 71' lang='lat' dir='ltr'>Schit&#39;tz</span> <span class='ocrx_word' id='word_1_292' title='bbox 246 2241 310 2271; x_wconf 86' lang='lat' dir='ltr'>coll.</span> <span class='ocrx_word' id='word_1_293' title='bbox 324 2242 390 2271; x_wconf 80' lang='lat' dir='ltr'>xiii.</span> <span class='ocrx_word' id='word_1_294' title='bbox 405 2242 456 2279; x_wconf 88' lang='lat'>46.</span> <span class='ocrx_word' id='word_1_295' title='bbox 468 2242 586 2279; x_wconf 70' lang='lat' dir='ltr'>3,fort.</span> <span class='ocrx_word' id='word_1_296' title='bbox 602 2244 674 2270; x_wconf 79' lang='lat' dir='ltr'>recte</span> <span class='ocrx_word' id='word_1_297' title='bbox 760 2242 835 2279; x_wconf 89' lang='lat' dir='ltr'>quia</span> <span class='ocrx_word' id='word_1_298' title='bbox 852 2239 885 2278; x_wconf 80' lang='lat' dir='ltr'>e]</span> <span class='ocrx_word' id='word_1_299' title='bbox 903 2246 935 2269; x_wconf 79' lang='lat' dir='ltr'>et</span> <span class='ocrx_word' id='word_1_300' title='bbox 952 2242 1169 2271; x_wconf 85' lang='lat' dir='ltr'>coheredibus</span> <span class='ocrx_word' id='word_1_301' title='bbox 1189 2245 1239 2273; x_wconf 81' lang='lat' dir='ltr'>(sc.</span> <span class='ocrx_word' id='word_1_302' title='bbox 1260 2242 1400 2280; x_wconf 61' lang='lat' dir='ltr'>solvrret)</span> 
     </span>
     <span class='ocr_line' id='line_1_35' title="bbox 113 2282 1396 2323; baseline 0.001 -11"><span class='ocrx_word' id='word_1_303' title='bbox 113 2283 229 2313; x_wconf 77' lang='lat' dir='ltr'>Iunius</span> <span class='ocrx_word' id='word_1_304' title='bbox 243 2284 308 2313; x_wconf 68' lang='lat' dir='ltr'>coll,</span> <span class='ocrx_word' id='word_1_305' title='bbox 327 2285 357 2314; x_wconf 89' lang='lat'>6.</span> <span class='ocrx_word' id='word_1_306' title='bbox 370 2294 399 2321; x_wconf 74' lang='lat'>3,</span> <span class='ocrx_word' id='word_1_307' title='bbox 420 2284 491 2313; x_wconf 75' lang='lat' dir='ltr'>bene</span> <span class='ocrx_word' id='word_1_308' title='bbox 505 2294 511 2313; x_wconf 76' lang='grc' dir='ltr'><em>τ</em></span> <span class='ocrx_word' id='word_1_309' title='bbox 535 2293 650 2313; x_wconf 73' lang='lat' dir='ltr'>nomen</span> <span class='ocrx_word' id='word_1_310' title='bbox 662 2284 830 2323; x_wconf 69' lang='lat' dir='ltr'>proprium</span> <span class='ocrx_word' id='word_1_311' title='bbox 842 2282 995 2311; x_wconf 71' lang='lat' dir='ltr'>desiderat</span> <span class='ocrx_word' id='word_1_312' title='bbox 1005 2282 1140 2312; x_wconf 63' lang='lat' dir='ltr'>Maller:</span> <span class='ocrx_word' id='word_1_313' title='bbox 1167 2283 1308 2313; x_wconf 85' lang='lat' dir='ltr'>Publilio</span> <span class='ocrx_word' id='word_1_314' title='bbox 1321 2285 1396 2313; x_wconf 80' lang='lat' dir='ltr'>coni.</span> 
     </span>
     <span class='ocr_line' id='line_1_36' title="bbox 116 2322 1399 2363; baseline 0.001 -8"><span class='ocrx_word' id='word_1_315' title='bbox 116 2322 226 2356; x_wconf 78' lang='lat' dir='ltr'>Orelli:</span> <span class='ocrx_word' id='word_1_316' title='bbox 252 2326 355 2356; x_wconf 88' lang='lat' dir='ltr'>Oviae</span> <span class='ocrx_word' id='word_1_317' title='bbox 375 2325 489 2355; x_wconf 70' lang='lat' dir='ltr'>Gurlz&#39;ll</span> <span class='ocrx_word' id='word_1_318' title='bbox 505 2327 569 2356; x_wconf 83' lang='lat' dir='ltr'>coll.</span> <span class='ocrx_word' id='word_1_319' title='bbox 587 2326 657 2357; x_wconf 81' lang='lat' dir='ltr'>xiii.</span> <span class='ocrx_word' id='word_1_320' title='bbox 669 2336 719 2356; x_wconf 86' lang='lat'>22.</span> <span class='ocrx_word' id='word_1_321' title='bbox 736 2336 754 2363; x_wconf 87' lang='lat'><strong>4</strong></span> <span class='ocrx_word' id='word_1_322' title='bbox 771 2336 777 2354; x_wconf 79' lang='lat' dir='ltr'><em>z</em></span> <span class='ocrx_word' id='word_1_323' title='bbox 804 2326 928 2363; x_wconf 86' lang='lat' dir='ltr'>Leptae</span> <span class='ocrx_word' id='word_1_324' title='bbox 945 2325 1090 2355; x_wconf 76' lang='lat' dir='ltr'>Schmidt</span> <span class='ocrx_word' id='word_1_325' title='bbox 1196 2328 1237 2355; x_wconf 87' lang='lat'>26</span> <span class='ocrx_word' id='word_1_326' title='bbox 1254 2325 1399 2356; x_wconf 89' lang='lat' dir='ltr'>Horten-</span> 
     </span>
     <span class='ocr_line' id='line_1_37' title="bbox 112 2368 565 2408; baseline 0 -10"><span class='ocrx_word' id='word_1_327' title='bbox 112 2368 196 2408; x_wconf 84' lang='lat' dir='ltr'>sius]</span> <span class='ocrx_word' id='word_1_328' title='bbox 217 2368 430 2398; x_wconf 86' lang='lat' dir='ltr'>Hordeonius</span> <span class='ocrx_word' id='word_1_329' title='bbox 446 2368 565 2398; x_wconf 54' lang='lat' dir='ltr'>Sabina</span> 
     </span>
    </p>
   </div>
  </div>
 </body>
</html>
