1590 2730
56 129 148 165 XII.
167 127 257 163 xlvi
532 127 584 161 M.
616 126 778 161 TVLLI
809 125 1104 162 CICERONIS

178 248 267 272 nam
305 247 428 272 essem
465 234 622 270 fortasse
660 232 797 269 durior.
867 233 1029 269 Exculto
1066 232 1167 270 enim
1205 232 1334 269 animo
1366 231 1460 268 nihil

177 306 333 347 agreste,
355 297 448 334 nihil
469 296 721 333 inhumanum
742 303 807 333 est.

137 370 161 396 2
231 364 291 399 Tu
307 361 430 410 igitur,
450 367 490 397 ut
511 358 700 408 scripsisti,
718 372 790 396 nec
809 358 848 396 id
869 358 1118 396 incommodo
1137 365 1214 396 tuo.
1258 359 1329 395 Vel
1349 357 1462 395 binae

52 412 160 493 (3³⁷³
180 424 281 462 enim
316 430 493 473 poterunt
526 423 680 459 litterae.
740 423 946 460 Occurram
980 421 1093 459 etiam
1124 421 1155 459 si
1192 434 1348 458 necesse
1381 420 1459 458 erit.

181 490 280 536 Ergo
301 487 340 525 id
359 486 516 535 quidem
536 494 576 523 ut
596 485 745 534 poteris.
1482 491 1499 521 5

219 628 388 663 XLVII
488 630 555 660 Ser.
576 629 710 659 Lanuvi
721 628 789 658 xvii
803 628 843 660 K.
862 628 935 659 Iun.
956 639 987 661 a.
1002 638 1061 669 709
1079 628 1158 668 (45).

569 714 734 745 CICERO
763 713 939 744 ATTICO
967 714 1068 745 SAL.

145 817 161 842 1
234 805 294 841 De
316 803 491 848 Mustela,
514 809 554 839 ut
574 800 717 846 scribis,
736 800 805 838 etsi
827 814 1007 849 magnum
1028 814 1123 849 opus
1144 809 1209 839 est.
1268 803 1327 840 Eo
1347 800 1465 850 magis

179 867 337 904 delabor
362 867 411 904 ad
438 864 625 904 Clodiam.
685 865 930 912 Quamquam
957 863 995 900 in
1025 871 1185 913 utroque
1213 864 1465 903 Faberianum

180 943 323 966 nomen
343 929 617 978 explorandum
642 934 708 964 est.
769 929 828 964 De
857 940 934 975 quo
954 926 1046 963 nihil
1071 927 1242 965 nocuerit
1266 927 1296 965 si
1321 926 1465 976 aliquid
1489 940 1526 961 10
1564 952 1568 954 ἡ

181 1006 269 1030 cum
300 993 421 1030 Balbo
451 991 522 1029 eris
551 992 700 1028 locutus
738 998 775 1027 et
804 989 972 1038 quidem,
995 997 1036 1027 ut
1065 1003 1122 1027 res
1151 998 1217 1037 est,
1243 1004 1369 1028 emere
1397 1003 1467 1027 nos

140 1067 164 1093 2
182 1057 278 1093 velle
298 1068 369 1093 nec
388 1068 500 1104 posse
520 1054 601 1092 sine
622 1053 694 1091 isto
713 1053 870 1091 nomine
890 1067 961 1090 nec
980 1054 1120 1091 audere
1140 1067 1179 1091 re
1199 1053 1350 1091 incerta.
1392 1054 1468 1091 Sed

181 1120 338 1168 quando
359 1118 496 1158 Clodia
525 1120 673 1155 Romae
702 1119 826 1155 futura
852 1124 908 1154 est
935 1124 972 1154 et
998 1116 1131 1166 quanti
1156 1130 1235 1154 rem
1264 1117 1469 1155 aestimas?

183 1184 241 1220 Eo
260 1195 411 1231 prorsus
437 1189 580 1230 specto,
602 1195 680 1219 non
707 1181 800 1230 quin
826 1181 920 1218 illud
947 1181 1076 1218 malim
1105 1182 1173 1218 sed
1193 1188 1230 1218 et
1256 1194 1393 1229 magna
1411 1194 1469 1218 res

181 1252 238 1283 est
266 1252 304 1283 et
331 1245 483 1297 difficile
512 1252 705 1282 certamen
733 1258 822 1282 cum
851 1244 1003 1293 cupido,
1033 1258 1121 1282 cum
1150 1246 1350 1293 locuplete,
1381 1257 1469 1281 cum
1495 1257 1526 1287 ¹5

182 1309 332 1346 herede.
391 1308 472 1346 Etsi
492 1309 541 1346 de
556 1308 764 1356 cupiditate
780 1307 924 1345 nemini
945 1310 1156 1346 concedam
1171 1322 1181 1355 3
1209 1307 1342 1346 ceteris
1358 1308 1470 1345 rebus

182 1371 377 1410 inferiores
398 1384 539 1409 sumus.
597 1372 673 1409 Sed
694 1373 788 1409 haec
808 1384 947 1409 coram.

227 1512 417 1547 XLVIII
460 1514 526 1546 Scr.
546 1514 680 1545 Lanuvi
691 1515 747 1545 xvi
759 1515 799 1546 K.
819 1514 892 1545 Imz.
915 1526 1011 1545 mane
1024 1526 1053 1546 cz.
1074 1525 1131 1555 709
1149 1515 1225 1555 (45).

579 1602 744 1632 CICERO
774 1602 951 1633 ATTICO
972 1602 1081 1633 «SAL.

62 1692 170 1732 (van
244 1689 346 1727 Hirti
378 1689 527 1735 librum,
560 1696 600 1726 ut
627 1689 729 1734 facis,
761 1689 922 1738 divulga.
982 1692 1041 1726 De
1073 1688 1278 1726 Philotimo
1307 1687 1408 1725 idem
1437 1693 1474 1724 et
1496 1701 1532 1721 20

62 1738 97 1772 3)
190 1766 260 1802 ego
285 1752 501 1790 arbitrabar.
563 1754 733 1789 Domum
761 1759 864 1789 tuam
892 1752 1007 1800 pluris
1028 1752 1139 1789 video
1166 1753 1328 1788 futuram
1349 1750 1475 1787 vicino

189 1817 361 1854 Caesare.
419 1817 453 1852 T
455 1815 676 1853 abellarium
704 1829 832 1853 meum
853 1816 968 1853 hodie
994 1823 1267 1864 exspectamus.
1325 1816 1407 1851 Nos
1427 1815 1475 1851 de

190 1880 284 1917 Pilia
304 1887 340 1917 et
360 1879 488 1916 Attica
507 1879 684 1917 certiores
704 1879 825 1917 faciet.

44 1952 182 1992 (xtvm)
248 1943 364 1981 Domi
384 1951 420 1980 te
440 1943 601 1980 libenter
621 1956 703 1981 esse
722 1943 831 1980 facile
851 1945 976 1981 credo.
1035 1943 1111 1981 Sed
1131 1942 1242 1979 velim
1269 1941 1362 1978 scire
1382 1940 1475 1989 quid

189 2007 257 2045 tibi
294 2015 407 2045 restet
443 2015 508 2044 aut
546 2007 672 2044 iamne
709 2007 927 2044 confeceris.
986 2009 1068 2054 E-go
1106 2014 1142 2043 te
1179 2005 1217 2042 in
1255 2006 1475 2042 Tusculano
1496 2016 1531 2046 25

189 2078 368 2119 exspecto
405 2084 529 2119 eoque
568 2070 686 2118 magis
724 2071 829 2119 quod
866 2069 998 2107 Tironi
1036 2069 1161 2107 statim
1200 2076 1237 2106 te
1273 2075 1474 2105 venturum

190 2134 369 2183 scripsisti
399 2142 435 2171 et
464 2134 645 2171 addidisti
675 2141 711 2170 te
740 2141 872 2181 putare
900 2146 996 2181 opus
1025 2146 1117 2170 esse.

237 2246 248 2265 1
275 2235 413 2265 Exculto
429 2235 502 2265 Vict.
518 2247 524 2265 ς
553 2240 630 2264 exto
643 2233 697 2269 Μὶ
712 2234 762 2274 (cs.
776 2234 793 2264 l.
811 2244 851 2264 22
866 2234 979 2273 supra)
995 2245 1002 2264 :
1027 2244 1069 2263 ex
1086 2238 1155 2263 toto
1167 2232 1299 2263 Palmer
1404 2234 1476 2261 ante

191 2279 299 2308 animo
316 2278 388 2308 add.
406 2278 439 2308 in
457 2276 641 2316 lVesenberg
769 2278 806 2306 16
828 2277 1036 2306 concedimus
1056 2276 1117 2314 (vel
1135 2275 1294 2315 concedo)
1311 2285 1317 2304 ε
1345 2274 1376 2304 in
1396 2273 1471 2303 coni.

197 2320 378 2359 ll'esenbeig
503 2330 543 2349 22
567 2319 840 2358 exspectabamus
858 2319 929 2348 Otto
945 2319 1008 2348 coll.
1028 2323 1071 2357 ep.
1088 2327 1128 2356 53
