1590 2730
534 151 643 187 EPP.
675 152 749 187 AD
778 152 1028 189 ATTICVM
1355 155 1401 192 X„
1420 154 1515 192 xiia

127 264 166 294 et
188 257 328 302 dolore,
352 257 383 294 si
408 258 615 306 neglegam,
637 256 847 305 periculum
873 258 919 295 sit
945 272 993 296 ne
1018 258 1057 295 in
1083 273 1217 297 manus
1243 260 1409 298 incidam

127 319 372 368 perditorum.
412 321 488 357 Sed
503 320 590 357 vide
610 320 760 368 quantis
780 320 819 357 in
840 320 996 358 miseriis
1017 322 1144 360 simus.
1185 325 1409 372 Optandum

127 381 319 420 interdum
350 383 500 421 videtur
531 390 573 421 ut
599 383 766 431 aliquam
793 384 1024 433 accipiamus
1053 386 1102 422 ab
1130 386 1209 423 istis
1238 388 1409 436 quamvis

125 446 302 483 acerbam
339 445 525 492 iniuriam,
565 453 606 483 ut
643 454 803 494 tyranno
844 447 883 483 in
921 448 1010 485 odio
1052 449 1165 486 fuisse
1202 450 1407 488 videamur.

89 524 107 555 5
128 509 245 556 Quod
265 509 295 547 si
318 509 430 547 nobis
456 509 486 547 is
516 523 646 547 cursus
675 523 790 558 quem
810 523 999 559 speraram
1019 519 1172 559 pateret,
1202 514 1409 552 effecissem
1428 525 1452 552 2
1473 515 1525 567 (5)

125 571 271 620 aliquid
302 573 483 621 profecto,
519 580 561 609 ut
594 580 633 609 tu
667 580 776 621 optas
809 580 845 610 et
883 574 1052 619 hortaris,
1088 575 1245 624 dignum
1284 584 1411 614 nostra

125 647 241 672 mora.
309 636 384 672 Sed
418 635 599 673 mirificae
635 643 723 673 sunt
756 636 953 674 custodiae
982 644 1018 674 et
1051 637 1206 685 quidem
1241 638 1301 676 ille
1330 639 1410 688 ipse

127 697 244 736 Curio
275 705 484 747 suspectus.
542 700 630 746 Qua
662 712 701 736 re
729 698 764 735 vi
792 707 857 736 aut
885 701 982 736 elam
1011 702 1201 749 agendum
1231 710 1285 739 est
1314 710 1350 740 et
1379 703 1409 740 si

125 759 190 799 †vi
208 761 304 798 forte
323 775 371 798 ne
395 775 482 798 cum
502 769 648 810 pestate
671 763 836 799 clamaut
856 762 1032 801 emistis†.
1092 764 1137 800 In
1158 777 1234 812 quo
1255 764 1283 801 si
1304 767 1409 813 quod

68 838 109 861 10
125 824 293 872 σφάλμα,
324 824 430 862 vides
456 838 572 873 quarn
601 832 709 874 turpe
735 824 792 862 sit.
849 825 1061 871 Trahimur,
1090 839 1160 864 nee
1187 826 1408 875 fugiendum

123 886 155 924 si
174 886 266 936 quid
286 887 497 925 violentius.

177 951 238 988 De
258 950 389 989 Caelio
409 964 522 999 saepe
550 964 700 988 mecum
726 950 827 1000 agito
854 964 934 997 nec,
958 951 988 988 si
1012 951 1104 1000 quid
1130 953 1298 990 habuero
1322 955 1405 1000 tale,
1428 964 1452 1002 3
1471 954 1525 1006 (6)

123 1012 323 1051 dimittam.
395 1014 603 1062 Hispanias
636 1027 747 1063 spero
785 1016 910 1051 firmas
948 1028 1040 1052 esse.
1113 1016 1408 1054 Massiliensium

123 1077 265 1114 factum
294 1090 382 1114 cum
411 1076 535 1126 ipsum
564 1091 630 1126 per
659 1091 698 1115 se
727 1079 963 1115 luculentum
992 1086 1047 1115 est
1076 1086 1155 1115 tum
1186 1079 1277 1116 mihi
1305 1093 1408 1128 argu-

67 1154 102 1186 15
123 1147 253 1177 mento
274 1148 329 1177 est
355 1147 456 1178 recte
479 1153 561 1178 esse
587 1140 625 1177 in
654 1139 862 1189 Hispaniis.
922 1140 1052 1178 Minus
1082 1141 1183 1178 enim
1211 1143 1404 1188 auderent,

122 1202 152 1240 si
177 1203 284 1241 aliter
309 1211 407 1241 esset
430 1211 467 1242 et
496 1203 633 1241 scirent
648 1218 657 1250 3
690 1217 779 1240 nam
808 1211 845 1241 et
872 1204 985 1241 vicini
1015 1212 1051 1241 et
1080 1204 1278 1252 diligentes
1307 1212 1403 1242 sunt.

121 1266 266 1304 Odium
299 1275 428 1304 autem
461 1275 561 1305 recte
595 1266 864 1304 animadvertis
898 1266 1149 1315 significatum
1179 1269 1217 1303 2'72
1246 1268 1403 1305 theatro.

122 1329 309 1378 Legiones
341 1330 455 1368 etiam
485 1332 678 1379 hasfquas
712 1330 750 1367 in
785 1330 894 1367 Italia
923 1329 1126 1378 assumpsit
1159 1330 1405 1368 alienissimas

121 1406 203 1431 esse
239 1393 362 1431 video.
433 1395 509 1431 Sed
543 1401 671 1431 tamen
708 1393 802 1430 nihil
840 1393 1029 1430 inimicius
1067 1407 1181 1441 quam
1213 1393 1283 1430 sibi
1312 1394 1402 1441 ipse.

64 1470 103 1492 20
122 1457 223 1494 Illud
249 1464 349 1494 recte
375 1456 485 1494 times
512 1470 560 1494 ne
583 1464 675 1493 ruat.
734 1456 771 1493 Si
799 1456 1014 1504 desperarit,
1040 1464 1140 1493 certe
1166 1463 1256 1493 ruet.
1316 1458 1404 1503 Quo

120 1519 238 1568 magis
258 1520 501 1558 efficiendum
521 1520 665 1569 aliquid
685 1527 750 1565 est,
774 1521 924 1556 fortuna
950 1519 1061 1556 velim
1089 1518 1254 1564 meliore,
1275 1519 1404 1556 animo

120 1583 312 1622 Caeliano.
371 1585 446 1621 Sed
466 1584 629 1632 primum
651 1583 831 1632 quidque.
885 1583 1012 1630 Quod,
1029 1584 1307 1630 qualecumque
1323 1582 1400 1627 erit,

118 1646 301 1684 continuo
335 1647 441 1685 scies.
499 1649 581 1685 Nos
615 1646 752 1693 iuveni,
783 1654 824 1683 ut
856 1659 974 1694 rogas,
1006 1645 1334 1694 suppeditabimus
1367 1650 1446 1687 et4
1467 1640 1522 1692 (7)

120 1712 429 1759 Peloponnesum
471 1711 591 1759 ipsam
636 1709 918 1747 sustinebimus.
995 1710 1063 1745 Est
1103 1707 1205 1745 enim
1242 1708 1400 1753 indoles,

63 1786 98 1817 25
119 1774 236 1811 modo
255 1773 411 1823 aliquod
428 1775 529 1813 †hoc
549 1774 596 1811 sit
615 1774 700 1822 ἦθος
720 1774 1032 1810 AKIMOAON†.
1091 1771 1208 1818 Quod
1227 1770 1257 1807 si
1276 1771 1403 1807 adhuc

117 1837 264 1873 nullum
293 1844 359 1883 est,
388 1850 469 1874 esse
495 1843 623 1874 tamen
649 1844 784 1885 potest,
812 1843 877 1873 aut
906 1835 1011 1884 ἀρετὴ
1039 1846 1116 1871 non
1145 1840 1201 1871 est
1229 1834 1399 1880 διδακτόν,

117 1900 221 1947 quod
242 1899 334 1936 mihi
354 1900 570 1948 persuaderi
590 1913 668 1937 non
688 1906 823 1947 potest.

163 2010 173 2029 1
200 2001 243 2031 sit
261 2001 393 2031 Lamb.:
417 2006 466 2031 est
482 2001 567 2032 codd.
720 2002 749 2037 8,
763 2011 783 2039 9
807 2004 839 2029 et
856 2000 883 2029 si
901 1999 932 2029 vi
950 1999 1032 2028 forte
1050 2009 1090 2028 ne
1107 2007 1179 2028 cum
1197 2002 1324 2036 pestate
1341 1997 1399 2028 M:

116 2047 148 2072 et
164 2043 192 2072 si
208 2044 238 2072 vi
257 2043 340 2073 forte
363 2048 395 2074 et
415 2054 486 2074 cum
503 2048 699 2082 tempestate
715 2042 796 2073 Ant.
812 2043 857 2071 F:
882 2042 943 2071 etsi
960 2042 1009 2070 vis
1029 2041 1181 2070 fortunae
1199 2041 1265 2077 (qu.
1286 2039 1347 2079 est)
1367 2039 1398 2069 in

115 2090 280 2123 potestate
291 2085 443 2126 Madvig:
465 2091 498 2115 et
514 2086 541 2115 si
555 2086 595 2122 vi,
611 2086 738 2115 sortiter
753 2095 790 2115 ac
803 2084 996 2122 tempestive
1010 2083 1123 2112 Orelli:
1143 2083 1204 2112 etsi
1219 2082 1247 2110 vi
1265 2082 1348 2111 forte
1366 2081 1397 2111 in

116 2131 346 2166 tempestatem
363 2128 510 2158 Schmidt
595 2128 675 2158 clam
692 2132 801 2157 autem
819 2127 909 2156 istis?
933 2125 1087 2161 Schmidt,
1106 2124 1160 2153 sed
1175 2124 1255 2153 clam
1268 2129 1396 2162 praepo-

113 2169 224 2199 sitione
239 2181 302 2199 non
321 2171 422 2200 utitur
436 2171 536 2200 Cicero
625 2180 663 2200 10
686 2170 728 2199 sit
745 2169 947 2207 Affalaspina:
974 2171 1023 2197 est
1041 2167 1096 2195 M:
1122 2167 1180 2196 sed
1200 2165 1397 2195 Gronovius:

115 2221 193 2249 ergo
215 2212 363 2242 Schmidt
462 2214 499 2242 16
521 2212 621 2242 vicini
642 2211 715 2243 Vt'ct.
731 2223 738 2241 :
761 2211 837 2240 victi
855 2204 939 2239 MZb
1041 2219 1076 2246 17
1102 2208 1135 2237 in
1151 2209 1279 2238 theatro
1295 2208 1396 2237 Boot:

114 2254 241 2284 theatro
258 2258 326 2284 vett.
344 2265 351 2284 z
374 2259 473 2284 -trum
491 2254 531 2283 M
673 2264 713 2291 24
737 2252 865 2283 indoles
887 2251 1017 2289 Ῐυιιῖὲ.7
1037 2251 1073 2290 cf
1093 2250 1138 2279 ad
1150 2249 1241 2280 Brut.
1261 2250 1279 2279 i.
1298 2250 1392 2287 18.4:

114 2295 266 2327 indolens
282 2297 322 2325 M
432 2307 471 2335 25
495 2300 567 2326 ante
584 2297 645 2326 hoc
664 2295 797 2325 addendi
814 2295 847 2324 in
867 2294 943 2323 coni.
963 2293 1146 2331 Wesenberg
1228 2291 1397 2330 ἀκίβδηλον

116 2336 282 2368 Turnebus
294 2338 398 2369 Cobet:
414 2338 623 2377 ἀλκιμώτερον
635 2337 798 2368 Schmidt:
817 2336 981 2375 ἀξιόλογον
996 2335 1114 2365 Gurlz'tt
1125 2345 1130 2364 :
1141 2334 1221 2372 fori.
1235 2333 1396 2369 ἄκαμπτον

113 2379 160 2409 vel
173 2378 318 2419 ἀκίνητον
