1590 2730
532 126 639 162 EPP.
671 125 746 161 AD
775 124 1026 161 ATTICVM
1053 127 1059 129 ⁷
1314 124 1428 160 XIII.
1452 132 1512 158 xx

138 234 320 284 Δεδῆχθαι
339 240 376 270 te
395 246 432 269 eo
451 233 603 276 nollem,
626 231 731 279 quod
758 230 851 267 nihil
875 237 962 267 erat.
1021 231 1157 268 Redeo
1177 230 1278 267 enim
1300 243 1425 267 rursus

136 299 284 336 eodem.
342 295 610 344 Quicquamne
640 307 700 331 me
726 300 836 342 putas
865 306 994 330 curare
1015 292 1077 330 †in
1101 297 1219 338 toto,†
1239 292 1309 329 nisi
1331 300 1371 329 ut
1391 292 1425 329 ei

136 374 184 398 ne
207 359 360 398 desim?
415 359 461 396 Id
490 370 561 405 ago
590 356 732 394 scilicet
761 364 802 393 ut
831 355 971 393 iudicia
993 356 1121 393 videar
1141 363 1279 393 tenere.
1340 357 1426 404 “Μὴ

135 426 204 475 γὰρ
232 422 423 461 αὐτοῖς-4
477 422 626 458 Vellem
656 428 733 456 tam
762 418 973 456 domestica
1005 420 1099 456 ferre
1127 432 1279 468 possem
1309 432 1424 467 quam

99 495 116 525 5
136 486 206 523 ista
236 492 491 523 contemnere.
550 485 664 520 Putas
697 489 825 519 autem
856 495 917 519 me
947 481 1111 519 voluisse
1144 482 1288 530 aliquid
1320 483 1425 530 quod

135 550 343 598 perfectum
378 560 456 584 non
487 545 569 583 sit?
623 547 713 583 Non
744 545 831 582 licet
865 544 1008 582 scilicet
1039 544 1265 582 sententiam
1304 558 1421 581 suam.

136 612 212 649 Sed
240 618 367 648 tamen
397 622 494 658 quae
522 617 603 646 tum
631 615 716 646 acta
745 615 832 645 sunt
861 621 938 645 non
967 621 1123 657 possum
1153 621 1231 645 non
1265 608 1425 656 probare

134 681 171 712 et
204 681 332 711 tamen
364 685 443 710 non
476 685 605 709 curare
643 672 799 720 pulchre
830 683 996 719 possum,
1034 670 1144 708 sicuti
1182 670 1290 708 facio.
1349 672 1424 708 Sed

135 736 295 774 nimium
316 737 435 773 multa
454 736 502 773 de
522 734 641 782 nugis.

80 893 117 915 10
177 877 283 911 XXI
454 878 518 909 Ser.
540 878 681 908 Asturae
697 879 726 908 iv
742 878 782 907 K.
801 877 887 908 Sext.
906 888 935 908 α.
955 886 1012 917 709
1031 878 1108 917 (45).

529 963 694 994 CICERO
723 963 898 993 ATTICO
926 963 1027 993 SAL.

186 1053 249 1090 Ad
288 1051 458 1089 Hirtium
496 1051 677 1088 dederam
715 1049 916 1098 epistulam
961 1063 1051 1087 sane
1087 1050 1269 1098 grandem
1307 1062 1458 1099 quaml

134 1115 355 1164 scripseram
389 1113 559 1162 proxime
596 1112 634 1148 in
667 1114 897 1150 Tusculano.
958 1112 1062 1149 Huic
1100 1126 1214 1161 quam
1252 1121 1292 1150 tu
1331 1113 1423 1150 mihi

135 1177 267 1215 misisti
288 1176 491 1215 rescribam
511 1175 612 1212 alias.
671 1177 785 1212 Nunc
808 1175 881 1212 alia
904 1177 1014 1213 malo.
1073 1176 1177 1223 Quid
1198 1189 1353 1224 possum
1375 1178 1423 1214 de
1442 1188 1464 1215 2

80 1252 114 1283 15
135 1243 341 1290 Torquato,
370 1240 441 1276 nisi
470 1238 613 1287 aliquid
641 1252 663 1275 a
694 1239 922 1275 Dolabella?
977 1240 1094 1286 Quod
1123 1238 1234 1276 simul
1260 1252 1314 1285 ac,
1337 1252 1424 1276 con-

134 1305 241 1342 tinuo
261 1303 395 1341 scietis.
456 1303 735 1350 Exspectabam
760 1301 875 1339 hodie
901 1308 966 1338 aut
992 1314 1184 1338 summum
1208 1315 1288 1339 cras
1308 1303 1357 1339 ab
1377 1315 1424 1340 eo

133 1367 374 1413 tabellari053
416 1366 481 1415 qui
519 1366 630 1403 simul
667 1379 711 1402 ac
749 1365 930 1410 venerint,
966 1365 1162 1403 mittentur
1198 1367 1247 1402 ad
1284 1372 1330 1403 te.
1389 1368 1423 1402 A

135 1431 281 1478 Quinto
301 1438 489 1479 exspecto.
549 1428 797 1466 Proficiscens
824 1428 925 1466 enim
947 1441 966 1465 e
987 1430 1206 1466 Tusculano
1227 1440 1298 1465 VIII
1323 1430 1420 1474 Kal„

134 1501 174 1531 ut
194 1493 277 1539 scis,
300 1493 383 1530 misi
403 1494 452 1530 ad
473 1505 560 1530 eum
581 1491 806 1529 tabellarios.

78 1578 117 1600 20
186 1558 300 1594 Nunc
333 1558 382 1594 ad
413 1570 491 1593 rem
526 1563 565 1593 ut
598 1556 763 1601 redeam,
797 1555 1011 1593 ‘inhibere'
1041 1555 1133 1592 illud
1162 1563 1280 1601 tuum,
1317 1556 1464 1604 quod3

134 1622 244 1658 valde
273 1620 365 1657 mihi
393 1619 582 1664 adriserat,
605 1620 851 1656 vehementer
878 1618 1063 1668 displicet.
1122 1620 1190 1656 Est
1219 1619 1321 1656 enim
1347 1632 1423 1656 ver-

134 1684 226 1720 bum
247 1690 369 1720 totum
391 1683 596 1720 nauticum.
657 1683 903 1730 Quamquam
932 1682 970 1719 id
991 1682 1147 1730 quidem
1168 1682 1334 1719 sciebam
1356 1684 1422 1720 sed

134 1747 340 1784 arbitrabar
360 1746 534 1783 sustineri
554 1759 678 1783 remos
695 1759 782 1782 cum
804 1745 976 1782 inhibere
996 1753 1121 1782 essent
1142 1745 1300 1794 remiges
1321 1745 1420 1783 iussi.

138 1811 182 1847 Id
210 1823 287 1847 non
315 1822 396 1846 esse
422 1809 502 1846 eius
527 1809 632 1846 modi
659 1808 776 1846 didici
806 1809 884 1846 heri
914 1822 1002 1846 cum
1025 1810 1074 1846 ad
1101 1808 1226 1845 villam
1256 1816 1422 1846 nostram

78 1887 116 1917 25
136 1872 240 1909 navis
278 1873 537 1921 appelleretur.
597 1873 685 1907 Non
724 1871 825 1908 enim
865 1871 1051 1908 sustinent
1089 1872 1156 1908 sed
1193 1871 1267 1908 alio
1306 1874 1424 1910 modo

181 1983 192 2002 1
228 1983 267 2002 eo
297 1971 371 2002 add.
402 1971 584 2010 Wesenberg
780 1982 798 2000 2
823 1972 854 2000 in
885 1972 1051 2010 Torquato
1083 1972 1219 2002 Mit'ller:
1256 1973 1289 2002 in
1320 1973 1423 2003 Bruto

134 2014 300 2045 Schmidt:
328 2014 360 2044 in
381 2015 445 2044 vita
464 2013 491 2042 L
510 2014 648 2052 (nzmg.)
665 2024 669 2043 :
702 2014 734 2042 in
761 2014 830 2044 soro
849 2014 964 2044 Orelli:
992 2016 1024 2044 in
1043 2019 1142 2044 totum
1161 2014 1362 2054 Wesenbmg:
1390 2016 1422 2046 id

136 2062 238 2087 totum
254 2057 338 2086 Reid
420 2057 466 2097 ei]
484 2057 562 2085 mihi
582 2055 729 2086 Wz'eland
872 2067 891 2094 3
916 2058 1082 2087 hominum
1101 2058 1220 2087 iudicia
1236 2057 1264 2086 L
1285 2059 1420 2097 (marg.)

134 2101 155 2129 6
178 2098 376 2138 perfectum]
396 2109 455 2138 per
473 2109 508 2128 se
530 2104 654 2128 rectum
676 2097 752 2127 coni.
771 2098 852 2127 Boot
995 2104 1067 2139 post
1088 2110 1178 2129 suam
1203 2100 1277 2130 add.
1297 2105 1423 2130 mutare

139 2141 342 2181 PVesenberg:
365 2152 419 2180 ego
441 2141 609 2171 subaudire
631 2142 708 2171 dare
733 2141 847 2170 malim
1005 2143 1205 2172 sententiam
1227 2144 1422 2173 suam—sed

135 2189 245 2214 tamen
263 2207 269 2213 .
288 2207 295 2214 .
317 2208 323 2215 .
342 2194 404 2213 non
430 2193 563 2222 possum
587 2183 837 2222 non—probare
866 2183 987 2222 Tyrrell
1109 2186 1128 2214 8
1152 2185 1276 2224 tamen]
1304 2185 1421 2215 samam

133 2226 281 2256 Albrecht
379 2236 414 2263 14
438 2225 500 2255 alia
517 2237 543 2255 v.
561 2236 582 2255 c.
602 2228 642 2256 Σ;
668 2225 749 2255 alias
774 2226 844 2255 OQ.
944 2236 980 2264 15
1005 2227 1100 2256 simul
1126 2232 1224 2265 atque
1249 2228 1421 2257 obtinuero

134 2269 218 2298 scies
254 2269 329 2297 coni.
361 2268 462 2298 Boot:
499 2268 597 2298 simul
628 2279 664 2297 ac
695 2269 823 2297 venerit
856 2270 905 2306 (ex
935 2269 1088 2298 venerint
1119 2269 1136 2299 l.
1173 2270 1237 2308 17),
1266 2270 1421 2299 continuo

134 2311 245 2340 scietis
268 2309 350 2339 Reid
493 2311 530 2339 18
549 2314 622 2349 post
637 2310 760 2347 Quinto
776 2309 849 2340 add.
867 2321 998 2349 quoque
1014 2310 1184 2341 Lehmann
1313 2322 1353 2350 23
1377 2313 1422 2341 in-

134 2353 246 2383 hibere
265 2352 450 2382 Corradus:
474 2352 535 2382 -eri
553 2352 592 2381 M
