1590 2730
82 139 127 174 X.
150 138 223 172 xiii
485 138 539 174 M.
570 138 733 174 TVLLI
763 138 1059 176 CICERONIS

217 321 331 355 XIII
461 325 528 355 Ser.
547 325 579 354 in
600 325 749 355 Cumano
765 325 848 355 Non.
868 326 947 356 Mai.
969 336 998 356 a.
1018 335 1071 364 705
1087 326 1171 365 (49).

575 416 741 446 CICERO
762 416 937 446 ATTICO
959 415 1062 446 SAL.

142 501 159 526 1
226 490 398 539 Epistula
411 498 475 527 tua
486 490 696 538 gratissima
708 491 777 528 fuit
791 505 897 528 meae
905 491 1052 528 Tulliae
1065 499 1102 528 et
1116 504 1175 528 me
1189 492 1340 528 hercule
1355 490 1457 528 mihi.

177 555 333 602 Semper
363 556 556 602 speculam
585 554 751 602 aliquam
779 556 954 592 adferunt
984 562 1069 592 tuae
1098 554 1252 591 litterae.
1311 554 1459 592 Scribes

176 615 286 665 igitur
305 630 348 653 ac
369 616 398 653 si
419 616 511 665 quid
530 618 579 654 ad
603 630 709 665 spem
736 617 875 666 poteris
902 631 949 654 ne
976 617 1171 655 dimiseris.
1229 619 1290 653 Tu
1314 616 1460 654 Antoni
1478 630 1495 660 5

176 680 306 716 leones
330 679 572 727 pertimescas
599 692 699 716 cave.
758 680 862 717 Nihil
889 688 944 717 est
971 680 1034 717 illo
1061 680 1216 717 homine
1244 679 1457 717 iucundius.

177 743 346 778 Attende
377 744 505 790 πρᾶξιν
540 746 734 780 πολιτικοῦ.
807 743 989 780 Evocavit
1026 743 1156 780 litteris
1191 757 1210 780 e
1245 741 1461 790 municipiis

178 805 312 841 decem
335 804 476 853 primos
502 813 539 842 et
560 805 733 843 1111viros.
791 808 988 843 Venerunt
1007 807 1056 843 ad
1077 806 1203 843 villam
1231 805 1310 843 eius
1337 819 1459 842 mane.

179 866 347 903 Primum
381 868 533 905 dormiit
565 870 615 906 ad
648 870 683 905 h.
720 881 775 913 111,
800 869 959 914 deinde,
994 882 1081 906 cum
1114 876 1213 906 esset
1246 868 1461 906 nuntiatum

178 929 325 967 venisse
363 931 638 979 Neapolitanos
676 939 712 969 et
750 933 946 970 Cumanos
985 932 1059 981 (his
1090 932 1191 969 enim
1230 939 1286 969 est
1324 933 1463 970 Caesar
1483 947 1520 969 10

178 991 320 1041 iratus),
343 993 524 1041 postridie
544 994 663 1031 redire
689 993 820 1040 iussit3
847 994 961 1031 lavari
985 1008 1024 1032 se
1050 996 1145 1032 velle
1172 1002 1208 1031 et
1231 995 1311 1042 περὶ
1337 998 1464 1032 κοιλιο-

178 1057 308 1093 λυσίαν
320 1057 492 1107 γίνεσθαι.
534 1059 623 1094 Hoc
639 1058 728 1094 here
742 1057 875 1094 effecit.
918 1057 1049 1096 Hodie
1064 1065 1191 1094 autem
1208 1057 1247 1094 in
1260 1057 1462 1095 Aenariam

179 1119 335 1157 transire
368 1120 563 1157 constituit
596 1126 639 1157 ut
669 1120 859 1158 exsulibus
889 1120 1052 1158 reditum
1082 1120 1330 1170 polliceretur.
1388 1121 1463 1158 Sed

181 1183 275 1221 haec
296 1183 526 1229 omittamus,
549 1185 597 1221 de
618 1184 728 1221 nobis
748 1183 892 1232 aliquid
911 1197 1077 1232 agamus.

141 1252 165 1278 2
234 1246 296 1283 Ab
318 1246 414 1283 Axio
434 1246 563 1294 accepi
583 1246 734 1283 litteras.
794 1248 852 1283 De
872 1246 1014 1283 Tirone
1033 1254 1190 1295 gratum.
1242 1245 1463 1283 Vettienum
1489 1258 1521 1289 ¹5

181 1308 308 1356 diligo.
366 1308 541 1346 Vestorio
567 1308 726 1346 reddidi.
784 1309 933 1345 Servius
962 1322 1014 1357 pr.
1042 1311 1174 1345 Nonas
1205 1308 1327 1345 Maias
1358 1310 1465 1345 Men-

180 1371 299 1408 turnis
326 1371 508 1409 mansisse
534 1371 681 1417 dicitur,
709 1372 824 1409 hodie
851 1372 888 1409 in
916 1372 1112 1409 Liternino
1139 1385 1336 1408 mansurus
1362 1372 1465 1419 apud

182 1436 225 1473 C.
260 1436 494 1471 Marcellum.
566 1436 658 1472 Cras
692 1434 802 1482 igitur
839 1448 909 1470 nos
947 1442 1091 1471 mature
1123 1434 1267 1471 videbit
1297 1433 1465 1481 mihique

182 1497 288 1534 dabit
307 1504 570 1545 argumentum
591 1498 640 1534 ad
665 1504 701 1533 te
725 1497 918 1544 epistulae.
978 1499 1060 1534 Iam
1087 1497 1187 1534 enim
1216 1510 1294 1534 non
1320 1496 1465 1545 reperio

182 1561 287 1609 quod
316 1559 383 1596 tibi
417 1560 589 1597 scribam.
648 1561 747 1597 Illud
776 1559 940 1597 admiror
969 1561 1073 1608 quod
1100 1559 1290 1597 Antonius
1322 1561 1371 1596 ad
1405 1572 1466 1596 me
1486 1571 1525 1592 20

183 1637 231 1660 ne
260 1622 436 1659 nuntium
464 1622 630 1670 quidem,
657 1636 743 1659 cum
773 1622 991 1670 praesertim
1021 1636 1082 1659 me
1111 1623 1220 1659 valde
1249 1621 1463 1659 observarit.

183 1685 372 1723 Videlicet
405 1685 548 1734 aliquid
581 1685 743 1723 atrocius
775 1687 823 1723 de
854 1699 915 1722 me
946 1686 1172 1734 imperatum
1203 1692 1268 1722 est.
1327 1686 1466 1723 Coram

183 1762 319 1797 negare
348 1748 440 1784 mihi
472 1761 549 1785 non
578 1750 666 1794 vult,
698 1749 802 1796 quod
831 1762 901 1796 ego
930 1761 1000 1785 nec
1029 1756 1224 1796 rogaturus
1253 1760 1354 1784 eram
1383 1760 1465 1792 nec,

185 1811 214 1848 si
248 1811 518 1860 impetrassem,
555 1811 774 1849 crediturus.
832 1813 914 1848 Nos
948 1818 1075 1848 tamen
1108 1810 1251 1859 aliquid
1284 1810 1468 1859 excogita-

144 1874 320 1915 3bimus.
391 1876 462 1919 Tu,
497 1887 650 1922 quaeso,
690 1874 720 1910 si
758 1874 850 1922 quid
888 1873 927 1910 in
964 1873 1173 1922 Hispaniis.
1245 1875 1327 1910 Iam
1365 1873 1467 1910 enim
1488 1883 1525 1914 25

186 1936 322 1985 poterit
354 1937 475 1974 audiri
505 1944 542 1974 et
575 1949 708 1974 omnes
738 1937 788 1973 ita
821 1943 1040 1985 exspectant
1069 1944 1119 1982 ut,
1152 1936 1180 1973 si
1212 1944 1312 1973 recte
1345 1935 1465 1981 fuerit,

185 1998 278 2036 nihil
310 2000 438 2048 negoti
471 2001 638 2036 futurum
669 2006 816 2048 putent¹
872 2001 954 2048 Ego
987 2006 1113 2036 autem
1143 2012 1213 2036 nec
1241 1999 1395 2036 retentis
1423 1998 1467 2035 iis

184 2064 397 2100 confectam
420 2076 497 2100 rem
522 2070 615 2111 puto
641 2076 765 2110 neque
792 2061 938 2099 amissis
965 2063 1213 2110 desperatam.
1272 2061 1404 2099 Silium
1431 2066 1468 2098 et

226 2175 244 2201 4
268 2165 432 2203 speculam
450 2165 526 2195 coni.
543 2165 644 2193 Boot:
670 2174 779 2194 secum
798 2163 837 2192 M
936 2163 1056 2201 aliquid
1072 2163 1092 2191 I
1104 2163 1199 2192 Rom.
1216 2173 1222 2193 :
1247 2162 1355 2200 aliqua
1374 2161 1472 2191 Orelli

188 2216 224 2244 13
249 2212 283 2236 ut
299 2206 372 2236 add.
393 2206 505 2236 Lamb.
616 2206 830 2244 polliceretur
854 2204 974 2235 MllV:
1008 2205 1181 2243 pollicetur
1202 2205 1288 2242 vulg.
1345 2203 1467 2234 Locum

184 2250 228 2278 ila
245 2249 326 2278 dant
339 2248 407 2278 edd.
421 2249 559 2287 plerique
577 2248 756 2279 constituit.
813 2248 988 2277 Exsulibus
1010 2248 1147 2276 reditum
1168 2247 1342 2286 pollicetur
1430 2254 1467 2283 15

184 2291 224 2320 ab
242 2290 329 2320 Axio
346 2291 429 2330 vulg.
449 2302 455 2320 :
478 2302 496 2320 a
514 2291 619 2319 Daxio
635 2290 692 2320 M:
715 2301 733 2319 a
750 2290 790 2327 Q.
808 2290 893 2318 Axio
909 2289 1060 2319 Bz'icln’ler
