1590 2730
52 143 166 179 XIII.
189 142 330 179 xlviia
547 145 602 180 M.
633 145 795 181 TVLLI
826 145 1123 183 CICERONIS

196 250 348 289 Caesari
374 253 618 289 vehementer
642 259 789 300 gratum
818 266 900 290 esse
924 254 1120 290 facturum.
1178 255 1276 291 Puto
1299 253 1477 302 equidem

196 313 289 350 nihil
326 327 418 351 esse.
491 314 656 352 Dixisset
693 314 795 352 enim
833 315 901 353 tibi
939 316 1095 354 fortasse
1136 315 1279 364 aliquid
1317 316 1476 365 Oppius,

196 376 377 425 quoniam
400 378 541 415 Balbus
561 385 616 415 est
635 391 754 426 aeger.
813 380 888 416 Sed
909 386 1036 416 tamen
1064 379 1179 416 malui
1199 379 1326 417 venire
1346 381 1479 417 frustra

196 451 311 488 quam
344 440 559 486 desiderari,
595 441 625 478 si
662 454 758 490 opus
795 449 903 479 esset.
963 443 1127 479 Moleste
1164 443 1298 479 ferrem
1335 450 1476 491 postea.

199 503 333 551 Itaque
362 503 476 541 hodie
505 503 607 549 Anti,
637 517 717 542 cras
750 512 837 542 ante
866 505 1062 543 meridiem
1092 505 1207 543 domi.
1264 507 1325 542 Tu
1353 505 1476 550 velim,
1499 520 1515 550 5

198 565 267 602 nisi
288 573 324 603 te
344 565 586 615 impedivisti,
606 568 708 616 apud
729 580 798 604 nos
818 580 871 616 pr.
896 569 981 605 Kal.
1003 581 1091 605 cum
1113 567 1217 605 Pilia.

128 632 177 673 (3)
248 631 305 666 Te
343 642 452 677 spero
485 643 572 666 cum
607 630 771 668 Publilio
807 631 1026 668 confecisse.
1085 631 1276 680 Equidem
1317 633 1401 668 Kal.
1440 631 1479 668 in

195 693 455 728 Tusculanum
490 705 676 730 recurram
692 707 702 739 ,-
731 706 791 730 me
820 693 922 731 enim
952 695 1110 731 absente
1139 694 1269 731 omnia
1296 707 1384 731 cum
1407 694 1479 732 illis

194 754 346 803 transigi
367 756 477 792 malo.
535 755 670 802 Quinti
696 755 816 792 fratris
836 756 1036 804 epistulam
1056 758 1105 794 ad
1126 764 1161 794 te
1182 757 1266 794 misi
1292 771 1371 795 non
1391 757 1479 794 satis

194 818 360 855 humane
380 817 482 854 illam
502 818 658 866 quidem
679 820 975 867 respondentem
1000 819 1092 856 meis
1113 819 1244 857 litteris
1264 821 1331 858 sed
1353 827 1479 857 tamen
1501 835 1537 856 10

194 881 299 929 quod
320 880 388 917 tibi
408 880 496 918 satis
517 880 573 926 sit,
596 888 636 918 ut
656 881 834 930 equidem
855 881 1039 919 existimo.
1096 884 1157 919 Tu
1177 882 1334 920 videbis.

237 983 428 1017 XLVIII
473 985 541 1017 Ser.
559 987 591 1016 in
612 986 790 1017 Tusculano
806 987 836 1018 iv
851 987 933 1017 Non.
953 987 1038 1018 Sext.
1058 998 1087 1018 a.
1108 998 1164 1027 709
1183 988 1259 1027 (45).

595 1061 759 1092 CICERO
781 1061 954 1092 ATTICO
976 1061 1079 1092 SAL.

160 1143 177 1169 1
250 1131 344 1170 Heri
365 1131 494 1169 nescio
513 1132 605 1181 quid
626 1132 664 1169 in
685 1132 840 1181 strepitu
861 1132 991 1170 videor
1011 1133 1208 1170 exaudisse
1227 1147 1314 1170 cum
1335 1133 1480 1171 diceres

196 1202 231 1232 te
260 1195 298 1232 in
327 1197 589 1232 Tusculanum
618 1202 829 1232 venturum.
887 1196 1004 1243 Quod
1038 1195 1205 1232 utinam!
1245 1195 1379 1234 iterum
1413 1196 1481 1233 uti-
1502 1215 1538 1245 15

195 1272 283 1296 nam
301 1262 307 1296 ἶ
337 1267 402 1296 tuo
423 1251 550 1296 tamen
570 1260 787 1296 commodo.

249 1325 371 1372 Lepta
408 1336 468 1360 me
506 1330 611 1370 rogat
649 1330 699 1367 ut,
740 1321 770 1358 si
808 1321 900 1370 quid
938 1321 1009 1359 sibi
1043 1335 1138 1370 opus
1172 1321 1230 1368 sit,
1263 1335 1480 1368 accurram5

199 1394 367 1425 mortuus
405 1386 506 1423 enim
541 1385 747 1423 Babullius.
819 1387 967 1431 Caesar,
1001 1385 1145 1434 opinor,
1177 1399 1221 1422 ex
1255 1385 1375 1431 uncia,
1412 1385 1480 1423 etsi

197 1451 289 1488 nihil
309 1452 459 1496 adliuc3
487 1451 554 1488 sed
575 1451 696 1497 Lepta
724 1463 769 1487 ex
788 1449 933 1487 triente.
990 1451 1151 1486 Veretur
1178 1457 1306 1487 autem
1335 1463 1382 1487 ne
1402 1462 1479 1486 non

196 1514 306 1552 liceat
326 1522 453 1551 tenere
469 1513 728 1559 hereditatem,
746 1515 886 1564 ἀλόγως
906 1513 1074 1559 omnino,
1094 1514 1161 1551 sed
1177 1521 1324 1551 veretur
1339 1521 1477 1551 tamen.
1501 1530 1539 1551 20

197 1579 235 1614 Is
268 1576 378 1625 igitur
408 1576 437 1613 si
468 1575 627 1621 accierit‚
656 1589 874 1623 accurram3
915 1576 944 1613 si
979 1576 1114 1621 minus,
1148 1589 1219 1613 non
1248 1583 1337 1614 ante
1365 1590 1479 1625 quam

196 1654 351 1678 necesse
371 1640 448 1677 erit.
505 1642 565 1677 Tu
587 1639 780 1686 Pollicem,
803 1654 890 1677 cum
910 1640 1060 1689 poteris.

155 1715 178 1741 2
250 1703 527 1742 Laudationem
558 1703 714 1742 Porciae
752 1703 820 1741 tibi
854 1703 937 1741 misi
976 1711 1193 1741 correctam.
1251 1705 1362 1742 Adeo
1399 1717 1481 1752 pro-

197 1766 321 1817 peravi
352 1774 402 1813 ut,
434 1767 463 1804 si
492 1768 587 1805 forte
614 1774 679 1804 aut
711 1766 883 1804 Domitio
912 1766 990 1804 filio
1018 1775 1082 1804 aut
1112 1769 1230 1804 Bruto
1260 1767 1480 1814 mitteretur,

197 1832 291 1869 haec
317 1831 535 1869 mitteretur.
593 1832 640 1868 Id
669 1830 700 1867 si
729 1830 797 1868 tibi
825 1830 893 1868 erit
921 1831 1170 1868 commodum
1200 1844 1337 1879 magno
1366 1844 1480 1879 opere
1501 1846 1537 1877 ²5

197 1908 303 1932 cures
323 1894 435 1931 velim
456 1902 492 1931 et
512 1893 624 1931 velim
648 1896 701 1930 M.
717 1892 896 1931 Varronis
917 1900 953 1931 et
971 1893 1046 1931 Olli
1067 1893 1192 1930 mittas
1208 1893 1480 1940 laudationem,

198 1957 274 1995 Olli
294 1957 435 2006 utique.
493 1959 594 1994 Nam
615 1957 716 1994 illam
741 1957 823 2005 legi,
847 1958 933 1993 volo
954 1963 1081 1993 tamen
1101 1964 1300 2004 regustare.
1358 1958 1482 2004 Quae-

198 2023 286 2058 dam
307 2021 408 2058 enim
428 2020 487 2057 vix
508 2020 599 2058 mihi
620 2021 735 2058 credo
755 2019 889 2068 legisse
908 2032 979 2056 me.

240 2134 258 2160 4
282 2128 370 2153 esset
387 2128 418 2152 et
435 2123 574 2152 moleste
591 2123 677 2152 ferre
698 2120 881 2160 Wesenbmg
988 2130 1023 2158 14
1048 2121 1134 2160 cum]
1152 2121 1245 2159 quasi
1262 2120 1345 2150 Reid
1443 2122 1480 2150 18

199 2170 346 2195 mortuus
362 2171 412 2195 est
431 2166 529 2195 Orelli
634 2163 814 2202 Babullius]
834 2168 883 2193 est
894 2163 1054 2192 Vibullius
1070 2163 1146 2193 coni.
1163 2163 1290 2193 Sclziclze
1304 2175 1309 2192 :
1336 2163 1482 2193 Puteolis

199 2208 332 2237 Cluvius
360 2208 411 2247 (ex
435 2218 486 2246 pu.
507 2208 645 2246 cluvius)
671 2206 819 2236 Schmidt
944 2215 981 2234 21
1009 2215 1072 2234 non
1090 2210 1167 2234 ante
1190 2215 1286 2243 quam
1312 2205 1480 2236 Graevius:

199 2259 263 2279 non
281 2251 409 2280 veniam
433 2255 510 2279 ante
533 2260 629 2287 quam
661 2248 860 2286 Wesenberg:
885 2248 1073 2285 neutiquam
1096 2247 1315 2286 Steuerenberg
1441 2258 1481 2285 23

199 2291 292 2320 Adeo
318 2292 418 2321 Boot:
451 2302 531 2321 aveo
559 2290 606 2320 M*
628 2303 634 2320 :
671 2301 708 2320 ac
737 2301 776 2320 eo
802 2288 880 2318 M2:
904 2299 944 2318 eo
971 2299 999 2318 v.
1014 2299 1034 2318 c.
1055 2288 1082 2317 L
1106 2290 1265 2329 (mmg.):
1302 2288 1378 2319 ideo
1402 2289 1484 2319 Reid

201 2344 240 2370 24
267 2334 385 2363 Domiti
403 2334 529 2363 Ernesti
653 2334 693 2361 28
718 2342 768 2361 me
785 2331 870 2361 codd.
883 2335 1008 2370 prastcr
1021 2336 1048 2360 Δ
