1690 2710
114 130 221 166 XVI.
239 129 313 165 xvi
326 141 353 166 D
613 131 665 166 M.
697 129 860 166 TVLLI
889 129 1184 167 CICERONIS
1208 181 1213 184 ι

884 254 931 290 l).

612 336 678 367 Ser.
696 336 801 366 codem
818 340 953 376 tempore
967 347 1029 376 qno
1045 341 1086 376 cp.
1108 339 1145 367 16
1165 337 1197 368 C.

614 412 785 442 CICERO
814 413 851 442 C.
886 411 1134 442 CVPIENNIO
1167 412 1199 443 S.

202 497 245 534 14
316 487 465 524 Patrem
496 495 603 524 tuum
637 487 788 536 plurimi
818 487 890 525 feci
917 500 1056 536 meque
1083 487 1144 524 ille
1178 487 1335 525 mirifice
1363 495 1400 525 et
1430 487 1547 526 coluit

264 557 300 587 et
323 549 464 587 amavit
478 564 488 597 3
516 563 587 588 nec
614 563 675 587 me
694 551 848 588 hercule
868 563 1051 599 umquam
1071 549 1164 587 mihi
1184 549 1345 588 dubium
1365 550 1435 587 fuit
1454 550 1546 599 quin
1567 564 1583 594 5

261 627 283 651 a
304 621 340 651 te
361 613 555 662 diligerer3
584 626 655 662 ego
674 612 830 662 quidem
850 612 889 651 id
909 614 1031 650 facere
1057 625 1134 651 non
1154 612 1291 650 destiti.
1349 614 1477 661 Quam
1497 613 1548 651 ob

262 690 342 714 rem
366 684 456 726 peto
481 690 503 714 a
523 684 559 714 te
585 676 623 713 in
650 676 831 714 maiorem
859 677 1016 714 modum
1037 683 1078 713 ut
1097 675 1287 714 civitatem
1308 675 1548 713 Buthrotiam

263 740 437 777 subleves
461 740 734 788 decretumque
762 740 962 776 consulum
983 740 1088 788 quod
1108 739 1133 776 ii
1157 740 1368 777 secundum
1390 740 1550 776 Buthro-

263 802 335 840 tios
368 804 548 848 fecerunt,
582 815 668 839 cum
703 809 739 839 et
772 803 854 850 lege
891 808 928 838 et
960 809 1113 839 senatus
1150 803 1325 840 consulto
1358 801 1549 839 statuendi

263 873 490 915 potestatem
520 865 714 911 haberent,
740 866 808 902 des
837 877 992 913 operam
1021 872 1061 902 ut
1088 866 1250 902 Plancus
1279 872 1406 903 noster
1434 878 1549 914 quam
1572 881 1608 903 το

264 928 428 978 primum
457 930 656 966 confirmet
682 936 719 966 et
744 928 979 977 comprobet.
1038 929 1128 966 Hoc
1157 935 1193 966 te
1219 929 1473 975 vehementer,
1499 929 1550 967 nii

264 991 466 1041 Cupienni,
489 991 602 1030 etiam
626 1000 741 1041 atque
765 991 880 1029 etiam
904 1004 1004 1040 rogo.

882 1139 925 1175 E.

744 1222 811 1253 Ser.
825 1226 897 1262 post
910 1227 954 1262 cp.
974 1224 1011 1252 16
1027 1222 1066 1252 B.

523 1297 692 1333 CICERO
726 1296 905 1327 PLANCO
934 1297 1091 1326 PRAET.
1128 1296 1222 1327 DES.
1259 1297 1292 1327 S.
1573 1301 1608 1332 15

201 1381 243 1419 15
317 1375 478 1423 Ignosce
499 1373 592 1410 mihi
612 1374 726 1422 quod,
742 1386 829 1410 cum
850 1380 961 1410 antea
979 1373 1260 1411 accuratissime
1275 1374 1324 1411 de
1341 1373 1548 1411 Buthrotiis

260 1437 310 1474 ad
327 1444 363 1474 te
383 1435 606 1484 scripserim,
624 1437 758 1473 eadem
775 1437 824 1473 de
840 1449 878 1473 re
894 1435 1043 1484 saepius
1063 1435 1238 1473 scribam.
1287 1437 1377 1473 Non
1393 1449 1453 1474 me
1469 1437 1549 1474 her-

261 1501 359 1546 cule,
383 1498 434 1536 mi
462 1500 611 1544 Plance,
634 1499 731 1535 facio
757 1512 834 1546 quo
863 1511 995 1547 parum
1025 1499 1217 1536 confidam
1245 1506 1310 1536 aut
1335 1499 1548 1537 liberalitati

262 1570 348 1600 tuae
374 1569 438 1599 aut
465 1569 616 1600 nostrae
641 1561 829 1598 amicitiae
855 1562 933 1607 sed,
955 1574 1043 1599 cum
1070 1570 1174 1600 tanta
1200 1576 1257 1600 res
1283 1571 1413 1613 agatur
1432 1563 1549 1602 Attici

264 1624 392 1671 nostri,
424 1637 527 1662 nunc
560 1637 648 1662 vero
686 1623 799 1662 etiarn
831 1623 1068 1671 existimatio,
1100 1632 1141 1662 ut
1174 1625 1212 1663 id
1241 1627 1345 1675 quod
1377 1627 1551 1676 probavit
1571 1643 1609 1666 20

263 1689 403 1727 Caesar
430 1687 542 1725 nobis
573 1686 732 1724 testibus
766 1694 803 1724 et
832 1686 1138 1735 obsignatoribus
1168 1689 1232 1737 qui
1261 1697 1297 1726 et
1325 1690 1485 1727 decretis
1514 1698 1550 1728 et

263 1751 453 1801 responsis
474 1750 646 1789 Caesaris
670 1750 957 1787 interfueramus
979 1750 1150 1789 videatur
1170 1752 1341 1790 obtinere
1369 1753 1550 1802 potuisse,

264 1814 482 1865 praesertim
513 1827 600 1851 curn
632 1821 711 1851 tota
745 1821 910 1862 potestas
945 1814 1025 1852 eius
1055 1814 1106 1852 rei
1136 1822 1200 1852 tua
1228 1815 1284 1861 sit,
1313 1824 1354 1853 ut
1382 1830 1426 1854 ea
1454 1829 1551 1865 quae

264 1879 440 1916 consules
460 1879 709 1915 decreverunt
729 1878 940 1915 secundum
959 1878 1130 1916 Caesaris
1150 1879 1301 1917 decreta
1320 1887 1356 1916 et
1372 1893 1552 1928 responsa

265 1956 342 1980 non
362 1942 488 1980 dicam
509 1943 736 1991 comprobes
762 1943 829 1980 sed
855 1942 1024 1980 studiose
1049 1942 1285 1991 libenterque
1311 1944 1548 1992 comprobes.
1571 1958 1609 1988 25

200 2003 245 2040 16
267 2006 313 2043 Id
334 2005 427 2042 mihi
447 2004 500 2042 sic
520 2004 588 2043 erit
607 2012 753 2054 gratum
775 2012 815 2042 ut
835 2006 938 2042 nulla
957 2018 1014 2042 res
1033 2004 1170 2053 gratior
1190 2018 1271 2043 esse
1286 2005 1415 2054 possit.
1470 2005 1551 2043 Etsi

265 2068 339 2107 iam
365 2069 575 2118 sperabam,
598 2082 685 2106 curn
713 2070 780 2106 has
805 2068 945 2107 litteras
970 2069 1194 2118 accepisseS,
1214 2071 1292 2107 fore
1317 2077 1359 2107 ut
1384 2083 1428 2107 ea
1454 2082 1551 2118 quae

264 2132 520 2181 superioribus
546 2132 676 2170 litteris
699 2145 722 2169 a
742 2140 778 2170 te
798 2132 1022 2181 petissemus
1042 2132 1241 2181 impetrata
1265 2140 1401 2178 essent,
1424 2140 1550 2170 tamen

266 2208 344 2232 non
369 2194 505 2233 faciam
533 2196 646 2233 finem
673 2194 831 2244 rogandi
851 2196 979 2244 quoad
999 2195 1109 2232 nobis
1133 2195 1348 2232 nuntiatum
1368 2195 1436 2233 erit
1456 2202 1492 2233 te
1512 2195 1550 2233 id

268 2257 400 2295 fecisse
430 2259 533 2306 quod
564 2270 699 2306 magna
726 2271 813 2295 cum
843 2270 909 2306 spe
937 2265 1208 2307 exspectamus.
1272 2257 1423 2296 Deinde
1449 2257 1550 2295 enim
1570 2270 1611 2301 30

583 2367 593 2387 1
605 2367 615 2386 1
644 2357 830 2396 comprobet
849 2357 875 2388 C
888 2368 914 2388 v.
927 2368 949 2388 c.
970 2368 975 2387 :
1002 2358 1116 2396 probet
1133 2357 1230 2388 Rom.
1248 2358 1266 2387 I
