1590 2730
23 137 170 172 XIII.1
522 137 577 173 M.
607 137 769 172 TVLLI
801 136 1097 174 CICERONIS

211 241 247 274 Is
383 243 449 273 Ser.
469 244 500 272 1'11
522 242 701 273 Tusculano
717 244 780 273 circ.
800 243 836 272 xi
847 243 888 273 K.
910 242 994 282 Sept.
1014 253 1043 272 a.
1065 252 1121 282 709
1141 242 1218 281 (45).

563 312 728 342 CICERO
757 312 933 342 ATTICO
963 311 1066 342 SAL.

136 384 152 409 1
224 371 455 409 Admonitus
482 371 712 419 quibusdam
742 371 815 408 tuis
841 370 972 408 litteris
1001 378 1041 407 ut
1067 372 1115 408 ad
1137 371 1338 408 Caesarem
1364 369 1453 406 ube-

169 433 283 471 riores
304 433 443 471 litteras
460 433 607 471 mittere
628 433 874 479 instituerem,
892 447 977 470 cum
1001 433 1093 469 mihi
1115 433 1256 470 Balbus
1276 445 1395 480 nuper
1414 431 1452 467 in

169 496 369 534 Lanuvino
390 496 545 534 dixisset
572 510 611 533 se
631 503 667 533 et
689 496 858 544 Oppium
884 495 1075 544 scripsisse
1094 497 1143 533 ad
1165 497 1366 534 Caesarem
1393 507 1453 531 me
1473 506 1490 537 5

168 559 301 608 legisse
321 559 435 597 libros
462 567 593 597 contra
614 560 801 597 Catonem
832 566 868 596 et
887 560 1132 596 vehementer
1154 559 1344 607 probasse,
1368 570 1455 594 con-

168 623 298 672 scripsi
328 624 376 661 de
405 623 448 660 iis
477 623 566 671 ipsis
587 622 689 660 libris
719 622 919 671 epistulam
942 621 1094 660 Caesari
1123 635 1221 670 quae
1249 622 1455 658 deferretur

168 687 218 723 ad
251 686 517 732 Dolabellam3
557 687 625 723 sed
659 685 738 722 eius
773 687 989 734 exemplum
1021 684 1105 722 misi
1135 686 1184 722 ad
1216 683 1385 733 Oppium
1418 690 1456 720 et

171 750 333 786 Balbum
367 748 574 797 scripsique
604 749 653 786 ad
683 762 747 786 eos
777 756 817 785 ut
854 755 934 785 tum
968 747 1103 785 deferri
1132 748 1181 784 ad
1214 747 1454 784 Dolabellam

169 811 342 849 iuberent
377 825 479 848 meas
510 811 650 848 litteras
684 811 713 848 si
746 810 817 859 ipsi
849 812 1064 859 exemplum
1102 811 1336 859 probassent.
1396 811 1456 846 Ita
1477 824 1513 845 10

171 874 263 911 mihi
294 874 563 923 rescripserunt
583 873 677 910 nihil
706 886 890 921 umquam
922 886 961 910 se
991 872 1125 921 legisse
1155 872 1289 910 melius
1319 871 1456 920 epistu-

171 938 324 985 lamque
345 950 468 973 meam
489 936 677 973 iusserunt
698 935 776 973 dari
800 936 1033 973 Dolabellae.

131 1012 154 1039 2
225 999 420 1037 Vestorius
445 1001 494 1037 ad
519 1013 580 1037 me
603 998 749 1047 scripsit
770 1006 810 1035 ut
830 998 999 1035 iuberem
1029 997 1219 1047 mancipio
1246 997 1325 1035 dari
1349 1010 1456 1034 servo

172 1076 240 1100 suo
269 1076 337 1112 pro
366 1076 450 1100 mea
478 1069 583 1111 parte
614 1061 797 1099 Hetereio
828 1061 979 1098 cuidam
1013 1062 1174 1098 fundum
1205 1060 1454 1097 Brinnianum

171 1134 211 1163 ut
240 1126 320 1175 ipse
346 1126 379 1163 ei
407 1125 574 1162 Puteolis
601 1132 700 1162 recte
721 1124 912 1173 mancipio
941 1125 1030 1161 dare
1056 1131 1194 1172 posset.
1254 1125 1352 1160 Eum
1382 1136 1455 1160 ser-
1477 1139 1511 1169 15

171 1203 273 1236 vum,
303 1190 332 1226 si
361 1189 428 1226 tibi
458 1188 658 1233 videbitur,
688 1190 738 1225 ad
768 1201 828 1225 me
858 1187 1009 1234 mittesj
1046 1187 1181 1235 opinor
1210 1186 1311 1223 enirn
1340 1187 1389 1223 ad
1419 1194 1455 1223 te

172 1252 284 1290 etiam
306 1251 497 1300 scripsisse
518 1251 747 1289 Vestorium.

130 1324 153 1360 3
226 1317 285 1352 De
312 1316 478 1352 adventu
506 1314 677 1352 Caesaris
707 1314 808 1351 idem
833 1314 937 1362 quod
966 1326 988 1349 a
1014 1320 1049 1349 te
1076 1311 1168 1348 mihi
1192 1311 1372 1360 scriptum
1400 1319 1455 1348 est

171 1378 219 1415 ab
258 1378 386 1427 Oppio
424 1385 459 1414 et
499 1378 630 1414 Balbo.
703 1376 822 1414 Miror
860 1384 896 1413 te
935 1375 1123 1412 nihildum
1158 1388 1244 1412 cum
1279 1374 1454 1422 Tigellio,

171 1442 272 1478 velut
292 1442 365 1477 hoc
386 1440 520 1488 ipsum,
537 1446 722 1487 quantum
743 1438 929 1487 acceperit
947 1454 953 1476 ;
984 1452 1134 1487 prorsus
1154 1452 1248 1476 aveo
1269 1438 1362 1475 scire
1382 1451 1453 1475 nec
1474 1449 1512 1470 20

127 1513 152 1549 4
172 1510 298 1540 tamen
320 1502 428 1540 flocci
449 1502 556 1539 facio.
602 1501 762 1549 Quaeris
784 1501 877 1550 quid
899 1501 1062 1550 cogitem
1083 1502 1131 1538 de
1152 1501 1303 1538 obviam
1324 1500 1452 1538 itione.

172 1566 277 1614 Quid
305 1579 437 1603 censes
471 1565 542 1602 nisi
576 1565 758 1602 Alsium?
830 1566 878 1602 Et
899 1564 1056 1612 quidem
1086 1565 1135 1601 ad
1168 1565 1370 1601 Murenam
1407 1564 1455 1600 de

170 1629 336 1678 hospitio
356 1629 591 1678 scripseram,
611 1629 678 1666 sed
701 1628 838 1677 opinor
857 1641 945 1666 cum
967 1627 1090 1665 Matio
1110 1629 1332 1677 profectum.
1380 1628 1456 1664 Sal-

170 1691 303 1729 lustius
323 1691 433 1740 igitur
453 1691 654 1740 urgebitur.

129 1764 153 1801 5
223 1755 370 1804 Scripto
391 1754 465 1791 iam
486 1754 678 1803 superiore
700 1754 886 1793 versiculo
915 1756 1009 1792 Eros
1036 1753 1127 1791 mihi
1155 1753 1246 1791 dixit
1272 1752 1343 1791 sibi
1372 1755 1455 1790 Mu·
1476 1765 1512 1795 25

169 1832 298 1856 renam
328 1817 588 1855 liberalissime
618 1818 869 1866 respondisse.
929 1819 986 1854 Eo
1008 1816 1117 1865 igitur
1137 1824 1295 1853 utamur.
1354 1817 1454 1852 Nam

169 1881 280 1918 Silius
311 1881 465 1918 culcitas
494 1894 571 1917 non
601 1881 727 1918 habet.
787 1880 889 1918 Dida
913 1887 1052 1924 autem,
1074 1879 1218 1928 opinor,
1242 1877 1454 1927 hospitibus

170 1952 288 1982 totam
309 1943 434 1981 villam
456 1944 655 1981 concessit.

213 2052 272 2085 LI
422 2054 490 2084 Ser.
509 2055 540 2083 in
562 2053 743 2083 Tusculano
761 2053 794 2083 ix
809 2053 850 2083 K.
870 2052 954 2091 Sept.
974 2063 1003 2083 a.
1027 2062 1082 2091 709
1101 2053 1179 2091 (45).

563 2122 729 2152 CICERO
759 2121 934 2152 ATTICO
964 2120 1066 2151 SAL.
1094 2137 1101 2141 .
1471 2132 1512 2161 30

138 2203 154 2229 1
225 2194 286 2230 Ad
308 2194 509 2231 Caesarem
539 2205 653 2240 quam
682 2191 765 2228 misi
790 2191 990 2239 epistulam
1020 2190 1100 2227 eius
1126 2190 1341 2238 exemplum
1362 2187 1454 2237 fugit

173 2269 233 2293 me
264 2264 342 2293 turn
372 2256 439 2293 tibi
469 2255 627 2292 mittere.
687 2256 768 2291 Nec
794 2254 831 2291 id
859 2253 927 2290 suit
955 2254 1059 2301 quod
1088 2253 1298 2302 suspicaris,
1325 2260 1366 2290 ut
1395 2266 1454 2289 me

216 2366 232 2394 7
257 2357 295 2385 iis
314 2355 368 2384 M'2
387 2367 393 2386 :
417 2366 479 2385 om.
500 2354 567 2385 M1:
594 2355 645 2384 his
669 2354 749 2384 Boot
873 2363 919 2392 19,
940 2363 980 2382 20
1016 2352 1165 2391 Tigellio.
1212 2353 1309 2382 Velut
1328 2375 1334 2383 .
1352 2375 1359 2383 .
1380 2376 1385 2382 .
1403 2362 1453 2382 ac-

174 2397 308 2436 ceperit,
329 2407 462 2436 prorsus
479 2398 522 2426 ita
539 2396 731 2436 interpunxit
747 2395 866 2425 Mz'tller
991 2405 1029 2433 27
1055 2395 1162 2425 caldas
1180 2395 1263 2424 Reid
