1590 2730
487 130 598 165 EPP.
629 130 703 164 AD
729 129 985 166 ATTICVM
1312 130 1405 167 XII.
1423 128 1512 167 xxii

97 235 193 285 quid
228 248 287 273 res
319 249 406 273 mea
422 234 623 272 'familiaris
652 236 818 283 postulet
847 238 962 283 quam
991 247 1062 284 ego
1090 248 1169 272 non
1197 248 1288 273 curo
1315 237 1383 273 sed

98 299 192 348 quid
217 299 329 336 velim
356 306 394 336 et
421 312 487 336 cur
512 298 625 335 velim
652 298 833 334 existima.

137 441 293 476 XXIII
402 444 470 475 Ser.
491 444 635 474 Asturae
650 445 704 474 xiv
718 444 759 474 K.
780 445 862 483 Apr.
883 455 911 474 a.
933 454 989 484 709
1009 444 1089 486 (45).

486 531 651 561 CICERO
681 530 862 561 ATJYCO
893 530 999 562 SAL.

60 631 77 662 5
151 619 328 654 Putaram
355 624 391 654 te
417 616 561 665 aliquid
588 617 689 663 novi,
710 618 814 665 quod
842 617 922 654 eius
953 616 1058 654 modi
1087 618 1206 654 fuerat
1233 617 1382 655 initium
1403 629 1421 655 1

95 680 313 726 litterarum,
339 680 532 728 ‘quamvis
558 693 636 717 non
663 693 833 717 curarem
860 680 952 728 quid
980 680 1017 716 in
1041 680 1229 728 Hispania
1256 682 1383 727 fieret‚'

97 751 225 780 tamen
245 750 281 780 te
306 742 556 791 scripturum3
585 744 652 780 sed
673 742 849 780 videlicet
876 742 969 780 meis
997 742 1127 780 litteris
1155 743 1382 792 respondisti

95 813 136 843 ut
155 808 204 844 de
224 808 306 843 foro
326 814 363 843 et
382 807 431 843 de
451 806 563 843 curia.
609 807 684 843 Sed
705 807 843 843 domus
864 813 930 850 est,
950 813 990 842 ut
1010 805 1077 851 ais,
1097 807 1231 843 forum.
1277 807 1382 854 Quid

93 868 176 918 ipsa
195 870 312 906 domo
334 868 425 905 mihi
452 882 547 917 opus
571 876 628 906 est
654 868 795 906 carenti
819 870 930 905 foro?
986 869 1220 915 Occidimus‚
1244 870 1382 907 occidi-

39 945 189 977 somus,
218 932 355 977 Attice,
387 932 462 968 iam
493 932 640 981 pridem
672 945 742 969 nos
773 932 940 980 quidem,
973 933 1040 969 sed
1073 945 1176 970 nunc
1207 934 1378 978 fatemur,

93 1002 227 1043 postea
246 1007 362 1043 quam
383 1008 502 1031 unum
524 1008 600 1043 quo
622 995 847 1032 tenebamur
869 994 1076 1032 amisimus.
1136 997 1270 1044 Itaque
1297 996 1382 1033 soli-

93 1057 266 1094 tudinem
283 1071 421 1106 sequor
436 1065 472 1094 et
489 1065 627 1104 tamen,
643 1058 673 1095 si
690 1072 765 1107 qua
780 1072 841 1095 me
861 1072 919 1096 res
935 1058 1007 1095 isto
1023 1059 1232 1104 adduxerit,
1248 1059 1376 1105 enitar,

92 1119 123 1155 si
143 1133 220 1168 quo
241 1121 357 1157 modo
378 1128 511 1168 potero
533 1121 682 1170 (potero
707 1120 867 1170 autem),
888 1128 928 1157 ut
954 1128 1100 1169 praeter
1123 1128 1159 1158 te
1179 1135 1294 1159 nemo
1314 1123 1380 1159 do-

92 1184 210 1220 lorem
240 1195 368 1220 meum
397 1183 544 1227 sentiat,
574 1183 604 1220 si
634 1185 712 1221 ullo
742 1184 859 1221 modo
888 1183 1036 1232 poterit,
1063 1197 1110 1221 ne
1139 1191 1178 1220 tu
1208 1184 1377 1233 quidem.

36 1260 71 1291 15
92 1248 220 1295 Atque
246 1246 359 1284 etiam
387 1246 449 1283 illa
475 1260 589 1284 causa
618 1255 674 1284 est
701 1261 779 1284 non
799 1246 989 1284 veniendi.
1048 1247 1258 1285 Meministi
1285 1248 1378 1297 quid

91 1323 137 1347 ex
169 1317 205 1347 te
236 1309 394 1347 Aledius
429 1310 640 1358 quaesierit.
701 1310 778 1357 Qui
811 1310 925 1347 etiam
959 1323 1062 1347 nunc
1097 1310 1246 1348 molesti
1277 1319 1375 1358 sunt,

90 1372 183 1422 quid
211 1372 413 1419 existimas,
436 1373 466 1410 si
494 1376 661 1411 venero?

143 1437 202 1473 De
222 1436 401 1474 Terentia
427 1436 478 1473 ita
505 1450 594 1474 cura
620 1444 661 1474 ut
687 1436 818 1474 scribis
848 1450 986 1485 meque
1015 1438 1086 1474 hac
1114 1439 1164 1475 ad
1193 1437 1375 1475 maximas
1395 1449 1419 1476 2

88 1498 343 1548 aegritudines
375 1500 595 1538 accessione
629 1514 706 1538 non
741 1500 905 1538 maxima
938 1500 1065 1538 libera.
1124 1503 1173 1538 Et
1207 1509 1247 1538 ut
1280 1502 1376 1539 scias

33 1577 72 1599 20
90 1575 151 1600 me
170 1562 222 1600 ita
246 1564 376 1601 dolere
400 1571 440 1600 ut
466 1577 544 1601 non
571 1564 729 1609 iaceam,
750 1563 889 1612 quibus
916 1564 1136 1601 consulibus
1157 1566 1375 1602 Carneades

88 1633 126 1662 et
156 1639 200 1663 ea
232 1626 369 1675 legatio
395 1628 560 1664 Romam
589 1626 733 1664 venerit
767 1626 948 1675 scriptum
980 1634 1036 1663 est
1067 1626 1104 1663 in
1137 1634 1202 1663 tuo
1234 1627 1373 1664 annali.

90 1690 200 1726 Haec
230 1702 332 1726 nunc
365 1702 507 1738 quaero
537 1703 635 1738 quae
668 1703 783 1727 causa
820 1689 929 1727 fuerit
959 1690 1024 1739 (de
1053 1690 1195 1738 Oropo,
1227 1690 1372 1739 opinor,

88 1752 155 1788 sed
175 1759 320 1789 certum
344 1752 490 1801 nescio)
511 1760 558 1798 et,
581 1753 611 1789 si
632 1753 683 1790 ita
703 1760 768 1798 est,
793 1766 891 1801 quae
920 1752 1208 1790 controversiae.
1268 1755 1375 1791 Prae-

89 1821 198 1861 terea,
221 1815 286 1863 qui
315 1829 361 1852 eo
390 1823 561 1864 tempore
590 1816 727 1854 nobilis
758 1816 967 1865 Epicureus
997 1815 1107 1853 fuerit
1134 1815 1374 1864 Athenisque

31 1892 69 1924 25
88 1877 288 1926 praefuerit
303 1878 430 1924 hortis,
446 1879 511 1927 qui
527 1879 640 1916 etiam
655 1879 816 1916 Athenis
836 1879 1015 1916 πολιτικοὶ
1034 1879 1171 1917 fuerint
1187 1879 1372 1917 inlustres

88 1941 198 1988 Quae
217 1940 330 1978 etiam
351 1955 396 1979 ex
415 1942 641 1991 Apollodori
662 1950 755 1991 puto
775 1956 886 1991 posse
907 1943 1076 1980 inveniri.

141 2005 200 2041 De
220 2004 348 2042 Attica
367 2006 582 2052 molestum,
606 2007 673 2043 sed
695 2006 877 2054 quoniam
899 2006 1039 2052 leviter,
1063 2014 1163 2043 recte
1183 2019 1265 2044 esse
1285 2019 1373 2044 con-
1391 2013 1417 2051 3

129 2114 147 2133 2
171 2109 204 2135 et
229 2115 287 2135 cur
307 2106 403 2136 velim
426 2105 499 2136 add.
528 2106 611 2136 Crat.
639 2106 665 2134 L
693 2107 825 2146 (marg.)
850 2118 877 2137 v.
904 2119 925 2137 c.
952 2102 1015 2138 Zb:
1046 2118 1109 2137 0111.
1137 2107 1221 2137 codd.
1353 2109 1373 2137 8

80 2146 174 2185 prius
190 2148 238 2187 ut]
257 2153 289 2178 et
305 2147 390 2178 Reid
487 2159 520 2178 11
546 2149 756 2179 solitudinem
775 2154 826 2179 ΣΔ
842 2161 849 2179 z
872 2150 1067 2180 solitudines
1083 2161 1110 2180 v.
1130 2161 1152 2180 c.
1170 2149 1282 2179 codices
1295 2149 1377 2180 Bosi

89 2188 185 2226 Crat.,
205 2190 240 2228 qfi
263 2190 328 2220 xiii.
351 2192 397 2221 16.
421 2200 433 2219 1
550 2201 586 2229 13
610 2196 642 2220 te
660 2190 750 2221 Man.
768 2203 774 2221 ε
798 2202 850 2221 me
867 2192 907 2221 M
1049 2203 1085 2229 14
1110 2193 1166 2232 ne]
1183 2197 1217 2222 ut
1234 2202 1275 2221 ne
1291 2193 1368 2223 coni.

90 2230 273 2271 Wesenberg
344 2248 347 2250 ·
379 2242 416 2271 15
439 2232 508 2273 illa]
538 2234 600 2263 alia
626 2233 708 2263 Boot
826 2245 862 2272 19
887 2245 951 2264 non
969 2234 1025 2265 dcl.
1046 2235 1211 2265 Corradus
1332 2244 1351 2264 2

85 2272 234 2309 Athenis,
247 2275 300 2313 qui
318 2275 493 2313 praefuerit
510 2275 597 2315 vulg.
716 2277 756 2305 26
780 2276 871 2313 Quae
887 2281 919 2306 te
936 2277 1034 2306 etiam
1052 2288 1077 2307 v.
1095 2288 1118 2307 c.
1131 2276 1159 2305 L
1176 2276 1311 2317 (marg.)
1329 2276 1359 2306 Z

86 2314 226 2345 inveniri
243 2317 318 2347 com‘.
337 2317 428 2348 Man.
445 2327 451 2347 z
474 2317 624 2347 invenire
640 2316 724 2347 codd.
