1590 2730
461 141 569 176 EPP.
600 141 676 176 AD
705 141 956 179 ATTICVM
1271 160 1274 163 ⁴
1342 143 1388 179 X.
1410 142 1514 178 xviii

91 245 183 294 quid
203 245 354 283 fecerim
369 260 378 292 3
407 258 540 282 omnes
560 244 661 282 enim
679 248 878 294 Κωρυκαῖοι
892 246 1068 284 videntur
1087 248 1369 285 subauscultare

90 321 188 356 quae
207 310 350 356 loquor.

140 373 201 408 Tu
232 378 358 408 tamen
392 371 421 407 si
453 370 545 418 quid
576 372 625 407 de
658 370 856 419 Hispaniis
887 371 964 408 sive
996 372 1088 419 quid
1118 372 1220 409 aliud
1245 386 1366 421 perge,
1388 386 1411 412 2

87 447 240 482 quaeso,
263 434 424 471 scribere
444 447 515 471 nec
542 446 645 470 meas
669 433 809 470 litteras
835 434 1071 482 exspectaris,
1094 434 1165 471 nisi
1186 448 1271 472 cum
1293 448 1370 483 quo

49 511 65 541 5
86 503 178 545 opto
202 495 482 545 pervenerimus
505 503 570 532 aut
596 495 626 532 si
650 495 742 543 quid
769 509 813 533 ex
840 509 961 533 cursu.
1019 498 1094 534 Sed
1115 499 1187 534 hoc
1217 510 1370 546 quoque

85 558 217 596 timide
244 559 391 605 scribo5
428 558 479 595 ita
505 558 633 596 omnia
657 560 762 595 tarda
790 560 916 596 adhuc
945 566 982 596 et
1006 559 1133 607 spissa.
1192 562 1242 597 Vt
1271 563 1369 598 male

84 621 280 669 posuimus
301 621 406 658 initia
426 621 479 658 sic
499 629 623 659 cetera
643 629 862 669 sequuntur.

137 685 306 722 Formias
333 698 434 721 nunc
455 684 648 732 sequimur
662 698 672 730 3
700 686 836 722 eodem
868 698 936 721 nos
960 686 1116 722 fortasse
1138 685 1270 723 Furiae
1290 699 1368 734 per-

84 755 298 796 sequentur.
357 750 413 784 Ex
444 747 552 784 Balbi
582 755 708 784 autem
739 743 913 784 sermone
937 760 1051 795 quem
1075 755 1201 785 tecum
1223 749 1367 795 habuit,

29 825 67 847 10
84 823 162 847 non
194 810 399 859 probamus
437 811 485 847 de
525 809 667 847 Melita.
746 809 908 846 Dubitas
946 810 1057 858 igitur
1093 811 1183 858 quin
1222 824 1291 848 nos
1329 811 1366 847 in

83 873 248 911 hostium
274 886 432 910 numero
458 873 625 910 habeat?
679 872 817 921 Scripsi
838 872 1016 921 equidem
1039 874 1159 910 Balbo
1180 881 1215 911 te
1235 875 1283 911 ad
1304 887 1364 911 me

82 943 119 973 et
137 938 180 972 de
199 935 465 973 benevolentia
486 935 679 984 scripsisse
699 943 736 972 et
756 936 805 972 de
829 935 1055 984 suspicione.
1116 936 1184 983 Egi
1205 936 1339 984 gratias
1357 951 1364 981 ;
1381 941 1404 976 3

81 1001 130 1036 de
148 1001 266 1036 altero
286 998 319 1036 ei
340 1012 401 1036 me
421 1012 547 1047 purga.
607 1001 779 1047 Ecquem
807 1005 847 1035 tu
874 999 1067 1036 hominem
1091 999 1364 1037 infeliciorem?

82 1063 172 1100 Non
192 1064 327 1110 loquor
346 1063 461 1110 plura,
480 1075 528 1099 ne
549 1069 585 1099 te
605 1075 759 1110 quoque
786 1061 1009 1099 excruciem.
1068 1064 1155 1109 Ipse
1185 1062 1366 1099 conficior

26 1138 61 1169 15
81 1125 228 1162 venisse
244 1133 393 1173 tempus
413 1138 501 1162 cum
517 1124 590 1162 iam
608 1138 679 1162 nec
694 1124 838 1162 fortiter
853 1138 924 1162 nec
940 1126 1144 1173 prudenter
1159 1125 1363 1173 quicquam

81 1190 202 1225 facere
222 1187 375 1237 possim.

121 1289 141 1316 8
165 1289 278 1317 eodem
295 1287 325 1316 Z
341 1292 422 1317 <teste
438 1288 598 1323 Βαῐίθνόμ
633 1289 746 1318 eadem
768 1287 806 1317 M
938 1298 974 1318 112
998 1294 1029 1318 et
1047 1289 1086 1317 de
1109 1288 1183 1317 coni.
1205 1287 1319 1317 Orelli:
1344 1299 1363 1318 e

79 1329 158 1402 312⁰:
182 1331 221 1360 de
238 1329 310 1359 M‘:
335 1334 367 1360 et
384 1331 424 1360 de
442 1331 513 1360 eius
528 1330 625 1360 Klotz
642 1330 701 1371 (ed.
720 1332 753 1371 ι)
876 1340 913 1369 13
937 1340 1040 1369 purga
1057 1329 1127 1361 Mi:
1154 1331 1289 1368 purgavi
1307 1329 1362 1359 ΜΞ

130 1395 165 1411 ὁ.

113 2392 173 2414 c1c.
191 2391 237 2412 AD
252 2391 322 2412 ATT.
1226 2380 1267 2413 24
