1590 2730
31 133 145 168 XIII.
168 132 213 168 lii
566 133 675 169 EPP.
705 133 781 169 AD
811 133 1064 170 ATTICVM

132 250 156 275 2
177 241 372 278 Praeterea
391 239 509 276 tribus
529 238 699 276 tricliniis
719 239 865 288 accepti
885 241 918 278 οἱ
936 240 1018 289 περὶ
1035 242 1144 280 αὐτὸν
1161 241 1271 277 valde
1291 239 1455 288 copiose.

174 303 336 340 Libertis
360 302 485 340 minus
504 302 615 339 lautis
636 302 829 351 servisque
848 303 942 339 nihil
963 303 1093 341 defuit.
1151 305 1252 340 Nam
1280 302 1457 340 lautiores

171 368 361 415 eleganter
375 366 516 414 accepi.
558 365 663 412 Quid
680 367 827 402 multa?
846 366 1021 403 homines
1034 366 1105 405 visi
1118 378 1259 405 sumus
1301 367 1456 414 Hospes

171 437 298 466 tamen
336 442 413 466 non
451 428 482 465 is
519 428 611 477 quoi
648 428 804 473 diceres,
843 429 1016 465 ‘Amabo
1054 436 1103 475 te,
1134 429 1271 466 eodem
1308 429 1358 466 ad
1395 441 1456 466 me

169 505 257 529 cum
288 493 494 529 revertere.'
561 493 687 528 Semel
718 491 807 528 satis
837 498 903 528 est.
961 492 1161 531 Σπουδαῖον
1190 492 1290 529 οὐδὲν
1317 491 1356 527 in
1385 504 1455 528 ser·
1475 504 1491 533 5

170 568 294 600 mone,
327 556 514 605 φιλόλογα
543 556 671 591 multa.
730 554 836 601 Quid
870 548 1046 603 quaeris?
1087 556 1296 593 delectatus
1329 561 1386 591 est
1418 561 1455 592 et

169 617 329 655 libenter
356 618 435 655 fuit.
495 617 663 655 Puteolis
692 630 733 654 se
760 617 886 654 aiebat
909 631 1029 655 unum
1053 617 1155 655 diem
1183 619 1273 663 fore,
1294 618 1453 654 alterum

168 682 217 718 ad
239 680 358 718 Baias.

221 744 355 781 Habes
384 743 593 792 hospitium
622 743 701 780 sive
730 745 987 793 ἐπισταθμείαν
1019 743 1193 781 odiosam
1224 742 1326 789 mihi,
1362 742 1449 788 dixi,

170 819 247 843 non
268 808 478 843 molestam.
538 808 621 854 Ego
649 806 841 855 paulisper
860 806 932 852 hic,
956 806 1097 844 deinde
1117 806 1155 842 in
1176 807 1448 849 Tusculanum.
1472 817 1511 838 10

170 870 394 907 Dolabellae
413 869 540 906 villam
569 882 657 906 cum
686 869 913 918 praeteriret,
937 869 1061 906 omnis
1081 876 1311 906 armatorum
1340 868 1451 918 copia

166 934 297 970 dextra
316 932 465 969 sinistra
483 933 532 968 ad
553 945 695 980 equum
715 945 787 969 nec
806 945 968 980 usquam
994 931 1094 968 alibi.
1153 933 1243 968 Hoc
1262 945 1307 968 ex
1328 930 1447 968 Nicia.

405 1042 424 1071 3
446 1033 570 1071 accepti
588 1033 761 1063 Ascenst'zcs
865 1043 887 1071 9
909 1031 1111 1070 ἑπισταθμίην
1126 1032 1211 1072 vulg.
