1590 2730
74 139 142 174 XI.
165 139 209 172 Vi
531 139 585 174 M.
617 140 779 175 TVLLI
810 137 1106 175 CICERONIS

180 258 385 295 numquam
421 243 638 292 paenitebit,
675 243 808 280 consili
840 243 1016 291 paenitet.
1086 244 1131 280 In
1162 243 1306 292 oppido
1334 243 1462 291 aliquo

180 309 330 345 mallem
365 307 548 344 resedisse
578 308 705 355 quoad
738 320 970 352 accerserer;
1007 306 1132 343 minus
1162 306 1346 343 sermonis
1379 307 1463 343 sub-

181 371 305 416 issem,
321 371 445 407 minus
465 370 696 419 accepissem
717 369 868 415 doloris,
885 370 1009 418 ipsum
1025 371 1098 407 hoc
1119 383 1180 406 me
1200 383 1277 407 non
1297 376 1459 417 angeret.

184 433 358 471 Brundisi
393 433 513 470 iacere
553 433 587 469 in
623 432 746 469 omnis
784 432 898 481 partis
932 439 988 470 est
1021 434 1234 469 molestum.
1303 431 1462 479 Propius

181 498 372 541 accedere,
395 504 434 533 ut
455 498 602 541 suades,
625 510 702 544 quo
723 497 839 533 modo
866 495 947 532 sine
966 495 1161 532 lictoribus
1182 508 1278 543 quos
1298 495 1462 543 populus
1482 507 1499 538 5

181 560 285 598 dedit
306 562 490 608 possum?
519 559 583 608 qui
600 559 691 596 mihi
712 558 893 596 incolumi
909 558 1025 596 adimi
1042 572 1119 595 non
1140 565 1309 607 possunt.
1354 558 1463 604 Quos

180 637 250 671 ego
271 627 394 662 †non†
416 622 604 671 paulisper
624 635 711 659 cum
733 621 877 659 bacillis
902 621 938 658 in
960 622 1108 658 turbam
1125 620 1271 658 conieci
1291 621 1340 657 ad
1361 619 1464 668 oppi-

181 687 273 723 dum
307 687 493 723 accedens
525 699 572 722 ne
601 685 684 733 quis
713 684 876 732 impetus
915 684 1076 721 militum
1106 685 1220 721 fieret.
1278 682 1463 731 'l-Recipio

140 759 162 795 3
182 756 352 797 tempore
373 762 433 785 me
453 749 570 785 domo
586 755 622 785 te
643 752 777 786 nunc†.
840 749 901 784 Ad
918 747 1086 796 Oppium
1106 753 1141 784 et
1153 748 1317 784 Balbum
1336 747 1467 794 scripsi

182 810 254 863 [et]
277 825 443 860 quonam
460 811 503 848 iis
523 813 687 860 placeret
704 811 821 847 modo
836 810 990 858 propius
1013 811 1194 847 accedere
1214 817 1254 846 ut
1270 811 1341 846 hac
1360 810 1408 846 de
1424 822 1462 846 re
1484 822 1521 844 10

180 874 472 912 considerarent.
531 875 657 911 Credo
687 875 765 910 fore
794 880 977 910 auctores.
1041 873 1102 909 Sic
1133 872 1234 909 enim
1263 872 1459 920 recipiunt,

181 937 333 976 Caesari
363 951 441 974 non
470 938 587 974 modo
611 938 659 973 de
685 937 946 973 conservanda
974 937 1041 973 sed
1070 935 1183 972 etiam
1213 937 1260 973 de
1289 936 1463 983 augenda

181 1015 265 1039 mea
284 1000 465 1050 dignitate
492 1013 602 1037 curae
623 1001 711 1045 fore,
736 1013 873 1047 meque
893 1000 1090 1036 hortantur
1110 1006 1149 1035 ut
1177 1011 1316 1047 magno
1334 997 1463 1035 animo

180 1065 261 1109 sim,
292 1072 333 1101 ut
359 1064 487 1101 omnia
515 1077 665 1101 summa
694 1076 852 1111 sperem.
911 1065 967 1099 Ea
995 1063 1195 1111 spondent,
1225 1063 1460 1099 confirmant.

180 1130 290 1175 Quae
307 1127 461 1175 quidem
484 1126 576 1163 mihi
593 1126 842 1174 exploratiora
858 1133 994 1171 essent,
1013 1125 1041 1162 si
1063 1124 1338 1162 remansissem.
1387 1126 1462 1162 Sed
1487 1137 1519 1167 ¹5

179 1190 308 1239 ingero
338 1190 560 1239 praeterita,
599 1189 694 1233 vide,
728 1202 881 1236 quaeso,
917 1188 1027 1236 igitur
1057 1202 1100 1225 ea
1129 1201 1226 1236 quae
1258 1195 1397 1225 restant
1426 1197 1463 1224 et

179 1256 332 1303 explora
352 1267 438 1290 cum
459 1252 538 1289 istis
559 1260 605 1297 et,
628 1251 657 1289 si
684 1251 835 1300 putabis
859 1265 955 1300 opus
976 1264 1057 1288 esse
1078 1258 1114 1288 et
1135 1250 1164 1287 si
1185 1251 1263 1287 istis
1284 1250 1459 1299 placebit,

179 1332 256 1367 quo
280 1317 397 1366 magis
418 1319 558 1354 factum
580 1324 750 1354 nostrum
772 1318 912 1355 Caesar
931 1316 1066 1365 probet
1095 1315 1202 1364 quasi
1229 1317 1277 1353 de
1306 1328 1460 1352 suorum

179 1381 366 1419 sententia
389 1382 540 1425 factum,
563 1380 816 1417 adhibeantur
835 1380 1063 1423 Trebonius,
1085 1382 1218 1425 Pansa,
1241 1379 1271 1416 si
1293 1378 1357 1427 qui
1385 1378 1458 1424 alii,

180 1445 422 1492 scribantque
465 1445 513 1481 ad
561 1445 763 1482 Caesarem
797 1456 858 1480 me
895 1442 1078 1491 quicquid
1116 1443 1268 1480 fecerim
1306 1443 1355 1479 de
1393 1454 1460 1478 sua
1481 1453 1520 1474 20

181 1507 368 1545 sententia
387 1506 529 1544 fecisse.

137 1583 163 1619 4
232 1570 380 1607 Tulliae
401 1583 507 1607 meae
524 1570 678 1606 morbus
695 1576 731 1606 et
746 1568 984 1606 imbecillitas
1000 1569 1166 1617 corporis
1183 1582 1244 1605 me
1260 1567 1460 1605 exanimat.

181 1636 308 1682 Quam
335 1633 403 1670 tibi
429 1633 606 1680 intellego
627 1624 786 1680 magnae
806 1646 916 1670 curae
942 1646 1034 1678 esse,
1057 1634 1161 1681 quod
1188 1639 1243 1669 est
1270 1631 1361 1668 mihi
1385 1643 1462 1679 gra-

138 1705 162 1743 5
181 1698 378 1735 tissimum.
438 1698 496 1733 De
518 1696 677 1744 Pompei
697 1696 797 1733 exitu
827 1696 919 1732 mihi
948 1696 1109 1734 dubium
1140 1708 1349 1744 numquam
1379 1693 1457 1731 fuit.

179 1763 304 1797 Tanta
323 1759 425 1797 enim
445 1758 659 1807 desperatio
679 1772 801 1796 rerum
823 1759 902 1796 eius
930 1759 1101 1796 omnium
1127 1771 1256 1807 regum
1284 1765 1320 1795 et
1344 1770 1461 1806 popu·
1482 1768 1518 1797 25

177 1826 299 1861 lorum
328 1823 475 1860 animos
509 1830 711 1870 occuparat
742 1830 781 1859 ut
808 1836 1052 1871 quocumque
1080 1821 1244 1859 venisset
1263 1822 1337 1858 hoc
1357 1828 1462 1869 puta-

177 1901 254 1924 rem
275 1888 452 1923 futurum.
511 1887 600 1922 Non
621 1899 777 1934 possum
800 1885 880 1923 eius
905 1899 1034 1922 casum
1059 1899 1136 1921 non
1158 1886 1309 1930 dolere,
1342 1883 1461 1920 homi-

132 1955 158 1990 6
178 1964 265 1988 nem
282 1950 382 1987 enim
396 1950 582 1997 integrum
600 1956 635 1986 et
649 1957 794 1986 castum
808 1956 844 1986 et
857 1962 1006 1997 gravem
1023 1947 1194 1996 cognovi.
1241 1949 1300 1984 De
1315 1946 1460 1983 Fannio

179 2015 352 2051 consoler
372 2014 436 2050 te?
492 2012 707 2050 Perniciosa
726 2012 953 2060 loquebatur
982 2012 1029 2047 de
1059 2009 1256 2046 mansione
1285 2016 1358 2046 tua.
1417 2010 1458 2045 L.

221 2114 239 2141 4
262 2104 294 2132 in
313 2103 462 2132 omnibus
480 2102 626 2141 partibus
644 2100 687 2129 W
813 2103 832 2130 6
856 2100 967 2135 adimi]
987 2099 1035 2128 ln'c
1049 2099 1161 2128 desinit
1179 2098 1222 2127 W
1337 2108 1352 2135 7
1378 2096 1459 2136 non]

180 2156 265 2175 nunc
287 2146 450 2174 szstall:
477 2146 573 2174 modo
592 2143 674 2173 Resd
770 2144 799 2176 8,
817 2154 837 2181 9
863 2142 1001 2179 Reliquo
1020 2142 1089 2170 (lzoc
1102 2152 1139 2170 ex
1153 2140 1293 2173 Ernesti)
1311 2145 1460 2178 tempore

180 2198 229 2217 me
243 2188 328 2217 domi
342 2188 431 2216 tenui
444 2187 628 2225 Hosnmnn:
654 2185 822 2222 Recipiam
836 2184 887 2221 (sc.
902 2184 1028 2217 lictores)
1044 2188 1188 2221 ternpore
1202 2183 1330 2212 idoneo.
1368 2182 1460 2212 Mitte

180 2240 265 2259 nunc
281 2230 357 2259 coni.
378 2229 457 2258 Boot
558 2228 699 2266 Oppium
720 2227 759 2256 C:
784 2227 937 2265 oppidum
954 2225 1038 2255 codd.
1143 2230 1175 2254 et
1193 2225 1328 2254 Balbum
1345 2225 1460 2262 scripsi

180 2272 249 2301 odd⁴
273 2272 452 2306 Lnlzmmm.
469 2271 568 2308 elfere
584 2270 663 2299 idem
680 2268 791 2299 Lamb.
921 2279 957 2298 10
980 2278 1120 2306 quonam
1137 2267 1236 2297 Boot:
1260 2272 1292 2296 et
1308 2267 1460 2304 quoniam

179 2314 286 2344 codd:
319 2318 350 2343 et
375 2324 514 2351 quonam
539 2312 731 2342 Lehmann:
765 2320 944 2349 ecquonam
975 2320 1047 2340 cum
1072 2309 1248 2348 Sternkopf
1336 2309 1374 2338 iis
1399 2308 1462 2337 OR

180 2356 308 2385 Msillcr:
324 2354 745 2392 hiscelericodd.Slcrnkopf
784 2363 819 2390 14
839 2354 881 2382 Fa
891 2351 1462 2390 spondentconfirmantutglossema

179 2399 243 2428 secl.
263 2397 345 2427 Reid
445 2398 482 2425 16
506 2395 636 2434 ingero]
655 2406 717 2425 non
737 2396 864 2433 integra
881 2395 984 2424 Koch:
1008 2404 1109 2432 pergo
1126 2393 1208 2423 Reid
1220 2393 1285 2423 coll.
1303 2393 1345 2423 iii.
1362 2403 1409 2431 15.
1428 2402 1447 2430 5
