1590 2730
514 140 622 176 EPP.
653 140 728 175 AD
756 141 1006 178 ATTICVM
1355 145 1402 180 X.
1424 144 1498 180 xiii

111 242 286 288 Ocellam
305 255 343 285 et
361 254 506 285 ceteros
526 248 642 284 credo
662 248 879 284 retardatos.
937 250 995 285 Te
1014 261 1168 297 quoque
1188 263 1210 286 a
1227 250 1394 289 Curione
1455 292 1462 299 ,

111 310 287 360 impediri
305 310 428 348 video.
485 309 577 356 Etsi,
600 317 640 346 ut
660 309 804 358 opinor,
827 311 970 351 habes†
990 315 1302 350 EKITAONON.

152 470 258 522 ΧΠ
387 486 454 518 Scr.
474 486 507 516 in
525 486 673 517 Cumano
689 486 745 516 viii
757 486 804 517 Id.
825 486 901 517 Mai.
921 498 949 518 α.
970 497 1022 526 705
1039 489 1121 528 (49).

511 570 678 601 CICERO
700 571 731 599 A
744 571 875 601 TTICO
896 571 996 602 SAL.

74 662 92 695 5
162 650 198 687 O
221 648 337 686 vitam
361 647 537 685 miseram
561 646 759 694 maiusque
779 648 921 684 malum
942 655 1019 683 tam
1041 647 1106 685 diu
1126 649 1257 686 timere
1277 662 1391 697 quam
1414 663 1430 689 1

110 719 166 750 est
195 711 290 749 illud
319 710 444 760 ipsum
475 710 580 759 quod
610 709 785 746 timetur!
841 709 1001 755 Servius,
1034 718 1075 747 ut
1104 719 1217 748 antea
1249 712 1389 760 scripsi,

109 788 197 812 cum
230 773 395 811 venisset
428 773 551 811 Nonis
587 772 710 818 Maiis,
745 772 927 820 postridie
957 774 1005 810 ad
1040 787 1100 811 me
1134 788 1245 811 mane
1278 775 1389 812 venit.

110 839 171 875 Ne
208 837 349 875 diutius
387 844 423 873 te
455 844 619 881 teneam,
653 835 791 872 nullius
825 836 957 872 consili
991 836 1131 873 exitum
1165 837 1388 875 invenimus.

111 901 334 949 Numquam
380 898 459 936 vidi
505 898 701 936 hominem
743 898 1055 946 perturbatiorem
1095 908 1196 937 metu
1212 915 1221 946 3
1267 914 1392 950 neque

54 978 93 1001 10
111 964 263 1001 hercule
279 962 485 1011 quicquam
505 961 663 998 timebat
679 962 783 1009 quod
804 974 881 998 non
903 970 1000 998 esset
1020 962 1232 1000 timendum
1247 977 1256 1009 3
1285 963 1391 1000 illum

110 1026 182 1064 sibi
212 1025 356 1071 iratum,
390 1026 494 1062 hunc
523 1037 602 1062 non
634 1023 824 1070 amicum3
862 1024 1081 1061 horribilem
1115 1025 1308 1074 utriusque
1341 1026 1390 1062 vi-

109 1089 267 1126 ctoriam
283 1102 369 1126 cum
386 1096 538 1137 propter
553 1087 704 1125 alterius
722 1087 995 1133 crudelitatem,
1011 1088 1161 1126 alterius
1177 1088 1387 1135 audaciam,

108 1160 189 1190 tum
209 1160 362 1202 propter
380 1151 576 1199 utriusque
596 1150 857 1188 difficultatem
883 1150 1162 1199 pecuniariam3
1191 1165 1288 1200 quae
1312 1151 1390 1189 erui

108 1228 297 1264 nusquam
317 1214 389 1252 nisi
409 1228 454 1252 ex
476 1214 707 1263 privatorum
734 1213 844 1251 bonis
871 1222 1009 1262 posset.
1067 1216 1194 1263 Atque
1220 1216 1314 1252 haec
1340 1214 1391 1252 ita

54 1292 90 1324 15
109 1278 236 1316 multis
269 1291 356 1315 cum
390 1276 552 1315 lacrimis
591 1277 817 1325 loquebatur
854 1284 894 1313 ut
932 1290 1002 1325 ego
1035 1277 1186 1314 mirarer
1219 1291 1280 1314 eas
1313 1285 1389 1314 tam

108 1342 286 1379 diuturna
319 1341 468 1379 miseria
499 1354 577 1378 non
612 1340 809 1378 exaruisse.
870 1340 967 1377 Mihi
1001 1340 1156 1389 quidem
1186 1341 1297 1378 etiam
1327 1341 1393 1389 lip-

107 1405 243 1453 pitudo
263 1406 367 1451 haec,
390 1412 544 1454 propter
571 1417 685 1453 quam
713 1417 790 1441 non
817 1403 897 1451 ipse
923 1404 972 1440 ad
999 1411 1035 1440 te
1059 1403 1192 1449 scribo,
1215 1403 1295 1440 sine
1318 1404 1394 1440 ulla

108 1468 261 1505 lacrima
290 1476 345 1506 est
369 1470 436 1506 sed
464 1468 613 1517 saepius
641 1467 775 1504 odiosa
799 1474 854 1503 est
881 1474 1032 1515 propter
1055 1466 1207 1514 vigilias.
1266 1468 1392 1514 Quam
1412 1477 1436 1504 2

109 1532 159 1569 ob
196 1546 274 1570 rem
309 1532 491 1581 quicquid
530 1533 648 1569 habes
686 1532 735 1568 ad
769 1531 1047 1567 consolandum
1081 1530 1229 1578 conlige
1262 1538 1299 1566 et
1331 1529 1394 1566 illa

52 1608 91 1631 20
109 1595 230 1634 scribe
261 1609 339 1634 non
370 1611 415 1634 ex
446 1595 619 1633 doctrina
652 1608 777 1643 neque
811 1607 856 1631 ex
889 1593 991 1630 libris
1025 1592 1130 1642 (nam
1164 1593 1202 1630 id
1237 1592 1391 1641 quidem

94 1649 214 1697 ‘domi
246 1667 312 1705 est,
346 1661 414 1698 sed
446 1659 576 1697 nescio
607 1672 684 1707 quo
716 1659 832 1695 modo
863 1656 1087 1694 imbecillior
1117 1664 1172 1693 est
1203 1655 1393 1693 medicina

108 1735 223 1771 quam
243 1722 425 1772 morbus),
448 1724 542 1759 haec
563 1721 688 1770 potius
709 1719 891 1768 conquire
914 1721 963 1757 de
988 1719 1196 1767 Hispaniis,
1219 1720 1266 1756 de
1292 1721 1390 1756 Mas-

108 1785 211 1831 silia;
240 1799 337 1835 quae
357 1785 513 1834 quidem
534 1785 623 1822 satis
643 1785 743 1822 bella
769 1783 918 1822 Servius
942 1784 1086 1828 adfert3
1115 1782 1179 1830 qui
1203 1782 1316 1819 etiam
1343 1783 1390 1819 de

107 1849 257 1886 duabus
277 1849 488 1898 legionibus
514 1850 728 1898 luculentos
752 1855 925 1884 auctores
953 1860 1034 1883 esse
1061 1845 1222 1883 dicebat.
1281 1847 1391 1882 Haec

50 1923 90 1955 ²5
108 1911 219 1960 igitur
245 1912 274 1950 si
297 1912 456 1950 habebis
477 1919 514 1949 et
533 1911 630 1949 talia.
690 1912 739 1948 Et
759 1910 915 1959 quidem
936 1908 1066 1958 paucis
1087 1908 1221 1946 diebus
1247 1908 1390 1956 aliquid

107 1975 229 2013 audiri
247 1989 402 2013 necesse
422 1983 488 2013 est.

159 2040 235 2077 Sed
263 2040 378 2077 redeo
406 2039 455 2076 ad
484 2038 665 2076 Servium.
725 2036 951 2074 Distulimus
982 2035 1140 2072 omnino
1172 2048 1386 2072 sermonem
1407 2045 1431 2082 3

151 2150 165 2170 1
191 2140 336 2170 Curione
354 2140 487 2170 Gurlitt:
514 2140 616 2170 Curto
635 2139 692 2168 M:
718 2138 833 2168 Curtio
855 2136 927 2167 Vz'cl.
1066 2147 1084 2164 2
1108 2135 1241 2165 ἔκπλουν
1259 2136 1388 2166 Baiter:

107 2182 215 2213 exitus
238 2182 377 2221 ἐξουσίαν
402 2182 538 2220 Tyrrell:
575 2180 762 2218 ἐπίσταθμον
784 2180 864 2209 Ellis
993 2189 1009 2216 7
1034 2178 1195 2216 postridie
1214 2178 1260 2208 C:
1285 2179 1389 2216 pridie

106 2225 145 2254 M
228 2235 326 2255 mane
346 2223 531 2254 WLamb.:
556 2234 620 2254 om.
641 2223 667 2253 C
680 2222 763 2253 codd.
941 2229 976 2257 13
1000 2230 1083 2258 quae
1100 2220 1169 2249 erui
1189 2219 1387 2250 Gronovius:

105 2277 171 2305 qua
186 2267 248 2297 frui
266 2267 306 2296 M
476 2269 513 2297 18
537 2271 586 2296 est
605 2266 663 2296 sed
680 2289 686 2295 .
704 2288 710 2295 .
727 2288 733 2295 .
749 2264 812 2300 est]
832 2268 864 2292 et
880 2272 940 2300 per
956 2273 992 2292 se
1009 2263 1121 2292 odiosa
1143 2267 1192 2291 est
1209 2268 1241 2291 et
1258 2262 1392 2302 Madvtg

106 2318 147 2380 c119
171 2309 404 2380 cqnnffsolandum
424 2309 470 2339 C:
497 2307 741 2343 c0n††landu1n
763 2305 820 2334 W:
853 2305 1088 2334 consulandum
1105 2303 1184 2333 EO:
1214 2304 1390 2334 consulen-

129 2361 182 2382 um

285 2391 308 2401 ι.
