1690 2710
544 109 653 145 EPP.
683 108 760 144 AD
789 107 1041 145 ATTICVM
1327 107 1410 142 XV.
1433 106 1476 141 iii

147 216 216 255 tire
245 216 370 255 video.
429 216 505 253 Sed
542 228 675 264 parum
712 214 891 263 intellego
923 213 1016 263 quid
1053 226 1114 251 me
1144 212 1235 250 velis
1268 211 1430 250 scribere

147 279 255 328 quasi
291 293 314 318 a
351 281 469 316 Bruto
510 277 640 315 habita
682 276 863 323 oratione,
896 290 983 314 cum
1021 276 1083 313 ille
1120 275 1290 314 ediderit.
1353 274 1430 322 Qui

146 343 302 380 tandem
341 341 550 379 convenit?
594 353 644 376 an
683 340 736 377 sic
775 347 816 377 ut
855 339 893 376 in
930 347 1132 388 tyrannum
1168 339 1247 375 iure
1285 337 1430 387 optimo

148 406 329 442 caesum?
375 406 500 442 Multa
519 403 702 448 dicentur,
725 404 844 439 multa
864 402 1074 439 scribentur
1093 415 1114 438 a
1135 401 1246 438 nobis
1270 402 1337 438 sed
1356 401 1431 438 alio

111 480 128 511 5
147 469 265 504 modo
293 474 330 504 et
357 474 539 515 tempore.
600 467 660 502 De
688 467 780 503 sella
808 465 979 503 Caesaris
1010 465 1106 502 bene
1135 463 1275 501 tribuni
1289 478 1298 510 3
1331 476 1433 512 prae-

147 532 266 567 claros
287 530 401 567 etiam
422 541 493 566 xlv
516 529 692 566 ordines!
740 531 899 566 Brutum
920 529 1022 577 apud
1048 541 1108 565 me
1131 527 1246 564 fuisse
1269 528 1430 576 gaude0‚

147 594 265 630 modo
285 600 321 630 et
341 593 502 630 libenter
521 591 631 629 fuerit
652 600 688 629 et
708 599 764 628 sat
784 591 860 629 diu.
1211 578 1216 584 ⁴

189 697 252 731 IV
430 700 497 729 Ser.
518 701 550 728 in
566 699 724 738 Arpinati
737 699 769 728 ix
784 698 825 727 K.
844 698 917 728 Iun.
935 708 963 727 a.
983 707 1039 736 710
1057 697 1140 736 (44).

541 773 706 803 CICERO
735 772 908 802 ATTICO
936 771 1039 802 SAL.

93 862 130 884 10
201 856 243 881 IX
273 845 321 881 K.
355 845 407 880 H.
440 854 467 879 x
500 844 577 880 fere
604 856 626 879 a
656 843 703 889 Q.
736 843 845 879 Fufio
873 841 976 878 venit
1006 840 1233 878 tabellarius.
1291 838 1434 878 Nescio
1455 848 1471 874 1

147 907 241 956 quid
278 907 327 944 ab
365 919 411 944 eo
448 906 707 951 litterularum,
740 905 794 942 uti
832 918 892 941 me
930 904 1001 941 sibi
1038 904 1298 949 restituerem;
1343 916 1434 939 sane

148 971 299 1016 insulse,
329 977 370 1006 ut
399 971 505 1015 solet,
534 969 605 1005 nisi
634 970 738 1014 forte,
768 981 866 1016 quae
902 980 981 1004 non
1011 979 1115 1004 ames
1150 966 1279 1003 omnia
1307 965 1435 1002 viden-

149 1041 208 1069 tur
238 1033 379 1069 insulse
410 1031 500 1068 fieri.
569 1031 708 1079 Scripsi
740 1030 793 1068 ita
825 1038 866 1067 ut
899 1038 936 1067 te
967 1030 1214 1078 probaturum
1248 1028 1432 1066 existimo.

150 1095 249 1140 Mihi
269 1097 363 1132 duas
383 1108 405 1131 a
425 1102 461 1131 te
481 1094 660 1143 epistulas
682 1093 857 1139 reddidit,
880 1106 995 1129 unam
1023 1105 1075 1138 xl,
1098 1095 1253 1129 alteram
1276 1104 1317 1129 X.
1373 1093 1434 1128 Ad

92 1174 128 1205 15
149 1158 398 1196 recentiorem
427 1157 529 1206 prius
549 1160 615 1196 †et
634 1156 846 1194 leniorem†
866 1157 1006 1201 laud03
1039 1155 1069 1192 si
1095 1168 1183 1192 vero
1213 1155 1325 1192 etiam
1349 1156 1436 1193 Car-

148 1221 312 1265 fulenus,
335 1220 425 1255 ίὀίιιω
452 1217 641 1266 ποταμῶν.’
697 1217 843 1253 Antoni
868 1216 1026 1253 consilia
1054 1229 1180 1253 narras
1206 1216 1432 1253 turbulenta.

149 1284 277 1330 Atque
297 1282 442 1318 utinam
469 1280 595 1329 potius
616 1293 682 1329 per
701 1282 886 1328 populum
913 1287 998 1327 agat
1017 1292 1133 1327 quam
1153 1292 1219 1327 per
1239 1286 1411 1316 senatum
1430 1281 1435 1315 ἓ

150 1346 254 1393 quod
285 1344 441 1392 quidem
472 1343 524 1381 ita
554 1344 681 1380 credo.
743 1344 818 1380 Sed
851 1342 944 1379 mihi
974 1350 1097 1379 totum
1128 1341 1207 1378 eius
1235 1341 1436 1378 consilium

149 1409 199 1445 ad
227 1408 370 1444 bellum
400 1414 570 1454 spectare
599 1406 758 1451 videtur,
782 1406 811 1442 si
841 1405 997 1454 quidem
1026 1407 1075 1442 D.
1098 1407 1215 1442 Bruto
1244 1404 1438 1452 provincia

95 1487 132 1508 20
150 1471 312 1520 eripitur.
373 1472 541 1518 Quoquo
569 1471 685 1507 modo
712 1483 782 1518 ego
806 1471 854 1507 de
878 1469 976 1506 illius
1003 1469 1125 1506 nervis
1152 1469 1335 1514 existimo,
1359 1483 1437 1506 non

149 1536 298 1573 videtur
330 1535 409 1573 fieri
442 1548 554 1584 posse
592 1535 672 1572 sine
706 1535 817 1572 bello.
880 1536 955 1572 Sed
989 1548 1066 1571 non
1100 1535 1223 1583 cupio,
1255 1534 1437 1583 quoniam

150 1606 302 1636 cavetur
329 1598 547 1635 Buthrotiis.
605 1598 755 1634 Rides?
789 1602 884 1646 †aps
914 1599 1132 1635 condoleat<
1154 1611 1232 1634 non
1262 1611 1345 1634 mea
1374 1611 1436 1645 po-

150 1662 224 1698 tius
251 1661 492 1706 adsiduitate,
518 1660 722 1709 diligentia,
751 1660 868 1709 gratia
896 1660 1038 1708 perfici.
1095 1662 1211 1707 Quod
1241 1660 1372 1697 scribis
1401 1668 1438 1697 te
1455 1671 1479 1696 2

150 1726 295 1764 nescire
328 1726 421 1775 quid
458 1725 595 1762 nostris
633 1725 851 1762 faciendum
890 1725 950 1771 sit,
980 1724 1054 1761 iam
1093 1724 1239 1773 pridem
1277 1737 1339 1760 me
1376 1724 1438 1760 illa

95 1806 131 1837 25
151 1791 280 1838 ἀπορία
308 1788 494 1826 sollicitat.
556 1790 691 1836 Itaque
720 1790 834 1825 stulta
862 1788 936 1825 iam
964 1789 1104 1825 Iduum
1130 1787 1352 1824 Martiarum
1382 1794 1438 1824 est

150 1852 373 1890 consolatio.
429 1851 579 1888 Animis
599 1851 701 1888 enim
722 1851 779 1888 usi
800 1865 930 1888 sumus
950 1850 1128 1896 virilibus,
1151 1850 1329 1897 consiliis,
1346 1850 1437 1887 mihi

193 1963 212 1982 2
234 1953 377 1983 habitam
390 1953 571 1982 orationem
585 1952 761 1982 Grvnovins
918 1961 936 1988 5
961 1951 1128 1990 praeclare
1142 1950 1269 1987 Jordan
1402 1960 1440 1980 10

151 2006 186 2025 1x
202 1994 319 2025 Ruete:
344 2006 365 2024 x
383 1994 467 2026 codd.
558 1995 599 2024 H.
633 1995 650 2024 ν’.
665 2005 689 2024 ι’.
715 1993 808 2029 hora]
831 2004 852 2023 x
868 1993 1042 2023 Bz't'clzeler:
1071 1994 1115 2022 iix
1137 1993 1221 2022 codd.
1244 2004 1249 2022 ε
1282 1993 1362 2022 hora
1384 1993 1439 2022 viii

150 2039 236 2077 vulg.
368 2048 404 2066 12
429 2048 512 2076 quae
531 2037 668 2066 Bosz'ns:
693 2046 788 2074 quem
812 2036 897 2065 codd.
921 2048 926 2065 :
950 2046 1045 2074 quom
1068 2035 1152 2065 Reid
1243 2039 1315 2064 ante
1331 2036 1439 2065 omnia

151 2080 226 2110 add.
247 2080 286 2109 ab
303 2090 341 2109 eo
364 2078 545 2118 [Vesenbctg
647 2089 684 2116 13
708 2079 879 2117 Rescripsi
903 2077 1086 2117 W'escnberg
1208 2088 1249 2114 ,14
1274 2081 1346 2106 ante
1362 2078 1439 2106 mihi

151 2121 224 2152 add.
245 2122 335 2152 Idem
351 2118 389 2151 Ζ(
470 2125 546 2160 post
566 2132 588 2150 x
611 2121 684 2151 add.
711 2122 816 2150 datam
846 2119 1028 2159 chscnlmg
1148 2130 1183 2158 15
1209 2124 1240 2149 et
1258 2120 1438 2157 pleniorem

154 2163 252 2193 Orelli
268 2176 274 2194 :
312 2165 352 2193 de
368 2164 499 2201 legione
517 2163 558 2193 M.
579 2163 611 2201 (ι’.
627 2174 649 2193 e.
672 2163 809 2199 Martia)
825 2163 903 2192 coni.
923 2163 1024 2194 Boot:
1054 2166 1126 2192 ante
1141 2162 1236 2191 laudo
1255 2162 1438 2191 addendum

152 2206 381 2244 Egnatuleium
398 2206 475 2236 coni.
493 2205 575 2235 Reid
588 2206 653 2236 coll.
671 2205 759 2236 Phil.
778 2206 820 2235 iii.
842 2216 869 2243 7,
889 2215 929 2243 39
1097 2206 1134 2233 18
1159 2205 1244 2242 quod
1263 2204 1315 2232 Μ2
1329 2205 1413 2243 vulg.
1431 2215 1437 2232 :

151 2250 201 2278 cui
222 2245 342 2277 M¹CZt
485 2258 524 2277 22
550 2247 675 2278 Rides?
700 2252 750 2276 ast
770 2247 929 2277 condoleo
944 2247 1039 2277 Victa
1066 2247 1192 2276 Rides?
1216 2251 1248 2276 at
1265 2256 1326 2284 ego
1343 2247 1438 2275 doleo

150 2289 179 2319 L
204 2290 361 2329 (mai‘g.):
386 2291 426 2320 ab
448 2291 509 2320 isto
536 2292 587 2324 (sc.
604 2290 763 2323 Antonio)
789 2295 898 2319 tamen
924 2289 1019 2319 doleo
1045 2288 1145 2318 Reid:
1174 2289 1278 2318 Rides
1299 2288 1438 2318 Ἀττικόν

152 2333 214 2371 (vel
226 2332 365 2362 danuam
385 2343 392 2370 ;
416 2333 511 2362 doleo
529 2331 665 2372 Madvig
