1590 2730
70 838 104 859 10

62 1575 98 1596 20

518 151 627 186 EPP.
658 153 733 187 AD
762 153 1012 190 ATTICVM
1361 156 1429 191 XI.
1463 155 1506 190 vi

127 270 215 294 vero
244 258 428 294 Lentulus
459 257 642 295 Hortensi
671 259 829 295 domum
857 259 928 296 sibi
955 268 991 297 et
1019 261 1189 298 Caesaris
1219 263 1346 299 hortos
1370 270 1406 299 et

129 319 238 356 Baias
271 321 536 369 desponderat.
595 321 765 358 Omnino
798 323 892 359 haec
925 324 1060 360 eodem
1101 325 1217 361 modo
1255 338 1299 361 ex
1336 325 1406 361 hac

127 390 231 431 parte
260 384 365 429 fiunt,
398 383 469 420 nisi
498 385 603 432 quod
633 384 727 421 illud
760 392 837 421 erat
870 385 1071 422 infinitum.
1129 387 1274 424 Omnes
1306 387 1406 424 enim

127 445 191 494 qui
219 446 257 482 in
285 446 395 484 Italia
423 454 639 484 manserant
659 447 826 484 hostium
848 462 1006 485 numero
1026 449 1274 486 habebantur.
1332 452 1406 488 Sed

125 508 235 545 velim
258 510 351 546 haec
370 509 578 558 aliquando
598 510 778 547 solutiore
797 510 936 548 animo.

177 571 364 618 Quintum
395 574 545 610 fratrem
578 572 694 610 audio
725 574 934 621 profectum
970 574 1006 610 in
1042 575 1171 611 Asiam
1205 583 1246 612 ut
1278 577 1406 624 depre-
1425 587 1446 624 7

124 641 279 671 caretur.
338 637 397 671 De
435 634 513 672 filio
546 634 640 671 nihil
673 635 826 679 audivi;
873 637 940 673 sed
971 650 1109 684 quaere
1140 651 1184 674 ex
1218 637 1406 676 Diochare

125 696 295 735 Caesaris
324 697 459 734 liberto
488 710 602 746 quem
632 710 702 745 ego
736 711 813 734 non
842 698 929 744 vidi,
958 699 1021 746 qui
1052 699 1139 736 istas
1168 701 1407 738 Alexandrea

123 759 263 797 litteras
291 761 424 797 attulit.
483 762 521 797 Is
541 760 679 798 dicitur
698 760 836 798 vidisse
859 761 1045 808 Quintum
1074 770 1227 800 euntem
1253 777 1301 800 an
1332 763 1405 800 iam

123 823 161 860 in
189 823 291 860 Asia.
348 825 451 861 Tuas
480 823 620 861 litteras
647 832 758 872 prout
782 838 839 861 res
860 826 1025 873 postulat
1054 833 1241 874 exspecto.
1300 828 1405 874 Quas

123 885 235 923 velim
268 899 375 924 cures
408 899 523 936 quam
561 887 725 936 primum
763 888 812 925 ad
851 901 911 925 me
949 889 1199 936 perferendas.
1259 902 1318 926 1111
1356 892 1402 927 K.

124 949 325 987 Decembr.

159 1086 248 1121 VII
406 1091 472 1122 Scr.
492 1091 653 1121 Brundisi
664 1091 718 1121 xiv
732 1091 807 1121 Kal.
827 1091 896 1121 Ian.
916 1102 946 1121 a.
969 1096 1026 1130 706
1044 1092 1128 1132 (48).

524 1172 693 1202 CICERO
717 1171 881 1202 ATTICO
908 1172 1001 1202 SAL.

173 1243 312 1280 Gratae
341 1248 427 1280 tuae
457 1241 549 1279 mihi
580 1242 724 1279 litterae
751 1250 848 1287 sunt,
881 1243 1018 1290 quibus
1047 1251 1221 1280 accurate
1251 1243 1401 1291 perscri-

119 1304 225 1354 psisti
245 1304 374 1342 omnia
395 1318 492 1353 quae
516 1306 565 1342 ad
586 1318 646 1342 me
667 1304 854 1353 pertinere
874 1305 1074 1342 arbitratus
1095 1319 1144 1342 es.
1190 1308 1238 1342 Et
1259 1307 1397 1342 factum

118 1368 228 1417 igitur
253 1376 293 1406 tu
320 1368 451 1405 scribis
471 1368 550 1405 istis
570 1369 718 1417 placere
744 1375 779 1405 el
796 1371 941 1417 placere
967 1368 1086 1406 isdem
1107 1368 1186 1405 istis
1207 1369 1400 1405 lictoribus

118 1444 179 1469 me
199 1431 263 1478 uti,
286 1433 390 1480 quod
411 1445 636 1469 concessum
667 1431 789 1469 Sestio
816 1431 861 1468 sit
879 1446 885 1473 ;
914 1432 973 1468 cui
1001 1445 1077 1468 non
1099 1439 1191 1480 puto
1211 1445 1299 1468 suos
1319 1445 1401 1468 esse

117 1508 320 1533 concessos
341 1497 408 1533 sed
428 1496 477 1532 ab
498 1495 581 1543 ipso
601 1496 721 1532 datos.
792 1495 921 1532 Audio
942 1495 1042 1532 enim
1070 1508 1157 1532 eum
1179 1508 1222 1532 ea
1248 1503 1400 1532 senatus

117 1560 291 1596 consulta
321 1558 535 1608 improbare
566 1571 664 1606 quae
688 1566 773 1607 post
800 1558 1009 1595 discessum
1038 1558 1273 1595 tribunorum
1304 1559 1401 1595 facta

117 1629 213 1659 sunt.
273 1624 360 1670 Qua
380 1636 418 1660 re
438 1622 585 1671 poterit,
609 1622 639 1659 si
665 1623 765 1659 volet
786 1621 857 1658 sibi
878 1629 1060 1667 constare,
1083 1628 1231 1658 nostros
1252 1621 1400 1658 lictores

115 1685 375 1734 comprobare.

168 1750 413 1798 Quamquam
443 1749 536 1798 quid
567 1763 636 1798 ego
667 1750 716 1786 de
744 1747 938 1785 lictoribus
968 1747 1031 1795 qui
1061 1760 1181 1795 paene
1214 1760 1258 1783 ex
1289 1747 1396 1783 Italia
1415 1756 1438 1782 2

116 1812 301 1849 decedere
330 1813 400 1850 sim
431 1812 582 1850 iussus?
637 1814 737 1849 Nam
766 1813 815 1849 ad
846 1824 905 1847 me
936 1809 1035 1846 misit
1056 1809 1245 1846 Antonius
1276 1823 1397 1846 exem-

116 1876 220 1923 plum
250 1876 421 1914 Caesaris
453 1878 503 1914 ad
534 1890 573 1913 se
602 1875 807 1912 litterarum
840 1874 877 1910 iii
907 1873 1045 1922 quibus
1074 1880 1151 1910 erat
1180 1886 1219 1909 se
1247 1872 1396 1910 audisse

116 1940 303 1977 Catonem
341 1948 377 1977 et
415 1942 455 1977 L.
490 1942 689 1977 Metellum
728 1939 765 1975 in
805 1938 954 1975 Italiam
987 1936 1134 1973 venisse
1172 1938 1319 1973 Romae
1358 1944 1396 1972 ut

157 2051 175 2077 4
200 2040 344 2070 hostium
361 2041 393 2070 in
411 2051 545 2070 numero
562 2041 678 2079 Baiter,
694 2039 750 2069 sed
762 2040 796 2078 cf.
814 2039 907 2068 Fam.
922 2049 952 2068 x.
968 2048 1017 2075 31.
1029 2039 1050 2067 6
1148 2038 1167 2065 8
1189 2035 1397 2065 Alexandrea

113 2082 211 2112 Boot:
244 2083 354 2112 -dreas
384 2083 534 2112 ORPM:
570 2083 695 2112 *drinas
717 2093 734 2111 s
847 2092 867 2119 9
891 2080 1063 2119 Quintum]
1089 2079 1128 2117 Q.
1147 2089 1174 2108 v.
1189 2089 1212 2107 c.
1230 2072 1273 2106 Zb
1290 2078 1393 2108 Crob:

114 2134 176 2154 om.
189 2124 275 2154 codd.
328 2136 368 2155 an
383 2125 481 2159 codd.,
496 2126 531 2161 [ᾖ
545 2124 680 2163 Madvtg
693 2124 739 2154 ad
750 2124 819 2154 Fz'n.
836 2124 868 2154 ii.
884 2133 959 2161 104:
983 2132 1046 2153 om.
1060 2122 1143 2160 vulg.
1236 2121 1281 2154 16,
1300 2129 1334 2157 17
1348 2129 1393 2151 es,

115 2166 155 2197 Et
178 2167 296 2197 sactum
324 2168 373 2206 (ch.
395 2169 425 2198 6.
450 2169 485 2205 3)
509 2167 608 2205 igitur
632 2172 664 2196 lu
689 2166 805 2196 scribis
830 2165 898 2195 istis
925 2166 1053 2203 placere
1077 2168 1109 2193 et
1136 2163 1265 2201 placere
1292 2162 1394 2209 isdem

113 2209 183 2239 istis
198 2209 383 2248 Sternkops:
411 2215 460 2239 est
477 2220 515 2239 ea
532 2207 649 2239 sactum
667 2210 765 2247 igitur
782 2213 815 2237 ut
832 2207 946 2237 scribis
970 2207 1039 2236 istis
1055 2207 1185 2244 placere
1204 2205 1307 2234 isdem
1326 2209 1396 2234 istis

112 2251 213 2281 codd.:
237 2262 281 2281 es.
331 2251 483 2282 Facetum
505 2256 555 2281 est
577 2252 675 2289 igitur
697 2256 731 2280 ut
747 2250 861 2280 scribis
884 2250 952 2279 istis
974 2249 1105 2286 placere
1127 2248 1201 2277 cons.
1221 2247 1321 2276 Boot:
1349 2256 1395 2275 es.

115 2293 246 2323 Factum
271 2293 372 2330 igitur
394 2298 539 2323 nostrum
567 2298 616 2324 (sc.
639 2292 773 2322 reditum
797 2293 829 2321 in
852 2292 999 2321 Italicum
1024 2291 1138 2320 scribis
1162 2290 1232 2319 istis
1256 2288 1396 2327 placere,

114 2335 227 2365 iisdem
244 2336 314 2365 istis
330 2337 385 2375 (sc.
402 2336 536 2375 placere)
551 2334 695 2365 Sclnsmdt
709 2346 715 2364 :
735 2340 794 2373 pro
810 2335 929 2363 factum
947 2333 1021 2362 coni.
1042 2333 1139 2362 sctum
1158 2331 1239 2360 Reid
