1690 2710
133 125 215 162 XV.
239 126 348 163 xvia
612 126 664 162 M.
696 125 856 161 TVLLI
891 125 1188 163 CICERONIS

259 233 376 271 modo
405 234 500 275 οἶκος
532 235 652 282 φίλος.
724 234 859 282 Itaque
892 246 954 271 me
986 234 1150 271 referunt
1182 234 1300 283 pedes
1332 233 1372 272 in
1400 235 1544 272 Tuscu-

258 297 398 334 lanum.
457 299 506 335 Et
525 305 653 335 tamen
672 298 767 334 haec
786 297 1023 347 ῥωπογραφία
1041 296 1185 345 ripulae
1203 296 1352 334 videtur
1371 297 1545 335 habitura

258 361 419 397 celerem
457 360 678 397 satietatem.
755 359 945 408 Equidem
992 359 1105 397 etiam
1152 359 1297 408 pluvias
1335 367 1475 407 metuo,
1514 360 1545 397 si

260 423 549 472 ‘Prognostica’
578 430 706 460 nostra
735 436 822 460 vera
850 429 964 468 sunt3
1009 436 1121 459 ranae
1150 422 1253 459 enim
1281 425 1542 472 ῥητορεύουσιν.

258 487 329 532 Tu,
362 499 515 535 quaeso,
551 488 609 524 fac
639 485 756 524 sciam
793 485 858 524 ubi
897 488 1057 523 Brutum
1090 493 1262 523 nostrum
1299 493 1336 524 et
1369 499 1446 535 quo
1483 486 1580 531 die5

258 548 386 588 videre
413 549 566 599 possim.

300 652 430 688 XVII
527 657 592 688 Scr.
611 656 643 687 in
659 656 790 686 Antiati
797 660 895 696 poslr.
915 655 962 687 Id.
982 656 1054 686 Iun.
1073 666 1101 686 a.
1124 665 1180 694 710
1198 655 1282 696 (44).

650 730 816 761 CICERO
846 730 1021 761 ATTICO
1050 729 1151 760 SAL.

221 812 239 840 1
311 803 416 839 Duas
436 801 566 851 accepi
586 800 767 850 postridie
788 801 891 845 Idus,
909 801 1065 837 alteram
1086 813 1131 837 eo
1152 799 1214 837 die
1234 801 1373 847 datam,
1388 802 1543 839 alteram

257 864 401 902 Idibus.
460 864 566 901 Prius
596 863 706 912 igitur
733 863 924 912 superiori.
984 864 1043 901 De
1073 864 1125 900 D.
1159 864 1287 909 Bruto,
1318 876 1405 901 cum
1435 864 1541 902 scies.
1565 880 1603 903 10

257 930 317 966 De
345 929 546 966 consulum
576 928 664 964 ficto
693 926 827 963 timore
855 939 1117 974 cognoveram.
1176 926 1284 964 Sicca
1312 927 1414 964 enim
1443 931 1545 975 φιλο-

256 993 416 1043 στόργως
448 991 509 1028 ille
540 990 696 1039 quidem
727 990 794 1027 sed
823 989 1091 1027 tumultuosius
1124 990 1174 1027 ad
1206 1003 1268 1027 me
1298 989 1412 1028 etiam
1440 990 1544 1028 illam

256 1055 512 1105 suspicionem
533 1053 694 1103 pertulit.
737 1053 841 1100 Quid
862 1060 902 1090 tu
921 1055 1079 1090 autem?
1110 1055 1174 1091 ίτὰ
1192 1056 1259 1102 μὲν
1274 1054 1437 1103 διδόμενα
1449 1056 1545 1094 -—'?

256 1121 414 1157 Nullum
441 1119 544 1157 enim
564 1118 722 1156 verbum
742 1131 763 1154 a
787 1117 987 1166 †Siregio†.
1046 1118 1136 1154 Non
1161 1119 1295 1167 placet.
1354 1119 1414 1156 De
1440 1121 1544 1156 Plae-

255 1183 352 1221 torio
384 1182 510 1220 vicino
538 1189 605 1219 tuo
638 1182 865 1230 permoleste
894 1180 962 1217 tuli
994 1194 1227 1230 quemquam
1256 1181 1359 1231 prius
1392 1182 1543 1220 audisse
1565 1197 1600 1228 15

255 1259 370 1295 quam
392 1259 462 1284 me.
524 1247 582 1282 De
603 1246 695 1293 Syro
715 1245 929 1293 prudenter.
987 1245 1029 1280 L.
1049 1244 1261 1282 Antonium
1281 1258 1348 1294 per
1368 1247 1544 1283 Marcum

255 1311 417 1355 fratrem,
452 1315 493 1346 ut
529 1307 697 1352 arbitror,
733 1306 910 1344 facillime
943 1307 1160 1345 deterrebis.
1218 1308 1382 1346 Antroni
1418 1308 1544 1356 vetui3

255 1374 322 1411 sed
350 1373 523 1410 nondum
554 1383 753 1419 acceperas
783 1369 932 1415 litteras,
964 1383 1013 1408 ne
1042 1370 1220 1419 cuiquam
1249 1371 1321 1409 nisi
1350 1373 1392 1409 L.
1424 1371 1544 1410 Fadio

254 1436 377 1474 aedili.
436 1435 555 1472 Aliter
581 1433 682 1472 enim
712 1445 782 1470 nec
809 1440 919 1470 caute
944 1446 1015 1471 nec
1035 1433 1115 1471 iure
1135 1434 1214 1471 fieri
1233 1442 1368 1484 potest.
1425 1435 1544 1482 Quod

254 1499 386 1537 scribis
406 1498 474 1536 tibi
495 1499 627 1535 deesse
649 1498 717 1534 HS
737 1498 760 1533 ὃ
780 1509 878 1544 quae
899 1495 1076 1534 Ciceroni
1102 1504 1231 1534 curata
1256 1497 1341 1543 sint,
1362 1496 1475 1535 velim
1494 1498 1543 1535 ab
1564 1514 1602 1538 20

256 1564 371 1601 Erote
391 1574 548 1611 quaeras
568 1559 634 1597 ubi
654 1559 701 1597 sit
722 1571 864 1596 merces
885 1558 1103 1597 insularum.
1160 1559 1345 1597 Arabioni
1365 1561 1414 1598 de
1434 1559 1544 1598 Sittio

255 1625 348 1663 nihil
368 1625 515 1662 irascor.
575 1624 656 1671 Ego
672 1623 720 1660 de
736 1621 868 1659 itinere
888 1621 960 1659 nisi
980 1622 1168 1672 explicato
1187 1626 1267 1662 †A†
1282 1622 1376 1660 nihil
1394 1623 1521 1672 cogito
1534 1636 1545 1671 3

213 1701 238 1729 2
254 1690 359 1737 quod
378 1688 480 1725 idem
501 1685 570 1724 tibi
590 1685 707 1723 videri
727 1692 831 1734 puto.
892 1685 1026 1723 Habes
1046 1687 1095 1723 ad
1115 1686 1358 1735 superiorem.

307 1753 421 1789 Nunc
453 1749 543 1787 audi
570 1750 619 1786 ad
652 1750 818 1786 alteram.
878 1750 939 1786 Tu
969 1762 1058 1787 vero
1090 1749 1182 1787 facis
1212 1756 1253 1787 ut
1281 1749 1411 1787 omnia
1439 1750 1544 1799 quod

253 1814 430 1853 Serviliae
450 1826 528 1851 non
548 1814 649 1858 dees,
672 1812 710 1849 id
735 1819 791 1850 est
812 1815 941 1850 Bruto.
1001 1815 1061 1850 De
1087 1812 1215 1862 regina
1240 1814 1389 1862 gaudeo
1409 1819 1446 1850 te
1465 1826 1544 1850 non
1564 1827 1602 1861 25

252 1879 435 1925 laborare,
461 1885 596 1915 testem
627 1877 740 1915 etiam
771 1877 838 1915 tibi
869 1877 1029 1927 probari.
1089 1877 1213 1914 Erotis
1242 1877 1405 1914 rationes
1434 1883 1471 1914 et
1499 1889 1545 1914 ex

252 1942 393 1980 Tirone
419 1941 581 1991 cognovi
611 1949 648 1979 et
668 1941 800 1980 vocavi
827 1941 962 1990 ipsum.
1022 1940 1287 1978 Gratissimum
1308 1941 1413 1989 quod
1439 1939 1545 1988 polli-

251 2005 344 2044 ceris
366 2005 542 2044 Ciceroni
569 2005 663 2042 nihil
691 2006 908 2042 defuturum
924 2018 933 2050 3
971 2004 1019 2041 de
1043 2017 1120 2052 quo
1150 2003 1334 2041 mirabilia
1364 2004 1545 2040 Messalla

250 2069 317 2118 qui
347 2069 519 2106 Lanuvio
553 2068 702 2107 rediens
736 2067 784 2105 ab
813 2066 884 2104 illis
917 2065 1020 2104 venit
1047 2067 1096 2104 ad
1130 2079 1204 2111 me,
1232 2073 1269 2104 et
1302 2078 1363 2103 me
1391 2066 1544 2104 hercule

297 2180 334 2199 10
359 2170 396 2200 D.
411 2169 485 2199 add.
505 2169 653 2200 Schmidt
764 2178 799 2205 14
824 2177 842 2196 a
860 2167 941 2196 Sara
959 2166 1050 2203 regio
1070 2166 1267 2196 Gronovius:
1291 2165 1344 2195 An
1362 2166 1453 2204 regio
1469 2176 1543 2196 cum

251 2213 450 2250 sequentibus
476 2211 593 2241 Gzcrlitt
614 2211 678 2241 coll.
703 2210 795 2239 Fam.
816 2210 834 2239 i.
858 2219 884 2246 7.
905 2210 925 2238 6
942 2220 948 2238 :
972 2219 990 2237 a
1014 2208 1141 2238 Circeio
1165 2207 1322 2246 Schmidt,
1340 2209 1376 2246 cf.
1394 2207 1482 2239 Serv.
1501 2206 1546 2237 ad

251 2254 332 2285 Aen.
349 2254 402 2285 vii.
424 2264 462 2283 10
600 2264 641 2283 20
665 2253 781 2282 deesse
799 2251 906 2290 vulg:
933 2251 1049 2281 desere
1066 2250 1149 2281 codd.
1169 2262 1175 2280 :
1199 2251 1240 2280 de
1266 2250 1406 2280 residuis
1428 2249 1542 2280 Turne-

250 2295 308 2326 bus
437 2307 476 2327 22
500 2299 524 2325 A
537 2296 581 2334 M,
602 2295 690 2334 quod
703 2294 855 2334 explicant
870 2293 966 2331 λοιπῷ
983 2304 990 2323 :
1012 2292 1044 2324 A
1061 2293 1113 2332 (sc.
1132 2292 1257 2333 annuo)
1274 2291 1372 2324 Rom.
1502 2301 1543 2331 25

251 2338 338 2374 dees,
359 2339 390 2368 id
408 2343 458 2369 est
480 2337 552 2368 Vict.
572 2349 578 2369 :
603 2338 686 2368 desit
703 2341 753 2366 est
768 2335 823 2367 M:
848 2336 879 2365 id
896 2339 945 2366 est
963 2333 992 2365 C
