1590 2730
478 147 587 182 EPP.
619 147 693 182 AD
723 147 974 185 ATTICVM
1127 154 1131 157 “
1339 152 1406 188 ΙΧ.
1429 150 1503 187 xiii

117 266 166 292 ne
202 253 358 303 cogitari
394 253 560 303 quidem.
620 255 865 303 Quamquam
903 256 975 293 hae
1013 269 1074 294 me
1111 256 1254 295 litterae
1289 260 1403 296 Dola-

115 317 238 354 bellae
266 316 400 354 iubent
427 317 477 354 ad
506 316 682 365 pristinas
711 317 960 366 cogitationes
981 319 1124 356 reverti.
1184 320 1269 357 Fuit
1298 321 1401 358 enim

114 379 235 429 pridie
256 379 517 428 Quinquatrus
537 379 685 428 egregia
704 387 909 429 tempestas
927 395 936 427 ,·
965 394 1040 430 qua
1065 395 1136 431 ego
1159 382 1265 420 illum
1288 397 1399 421 usum

114 450 218 491 puto.

77 521 94 551 5
165 506 362 557 Συναγωγὴ
399 505 644 543 consiliorum
682 514 833 544 tuorum
867 520 945 544 non
983 515 1039 545 est
1071 521 1094 545 a
1126 522 1187 546 me
1224 511 1439 555 conlecta3

112 570 162 606 ad
195 571 387 618 querelam
425 570 493 607 sed
526 570 644 618 magis
681 572 729 607 ad
767 571 1070 608 consolationem
1108 584 1243 609 meam.
1314 574 1397 610 Nec

113 632 215 669 enim
236 645 298 670 me
317 640 395 669 tarn
415 633 509 670 haec
537 635 636 670 mala
664 633 855 682 angebant
875 647 990 682 quam
1011 634 1176 683 suspicio
1197 636 1331 684 culpae
1353 648 1397 673 ac

112 694 332 732 temeritatis
362 708 478 732 meae.
539 698 633 733 Eam
669 697 810 733 nullam
844 704 937 744 puto
971 710 1062 742 esse,
1095 698 1276 745 quoniam
1310 711 1395 735 cum

112 757 278 796 consiliis
298 758 372 796 tuis
399 772 484 796 mea
502 761 601 796 facta
621 767 658 797 et
677 759 836 796 consilia
855 760 1108 797 consentiunt.
1167 762 1285 808 Quod
1313 775 1397 799 mea

55 835 94 857 10
112 820 394 870 praedicatione
420 823 562 859 factum
587 835 668 860 esse
697 822 829 860 scribis
858 822 977 872 magis
1004 836 1119 871 quam
1145 823 1243 861 illius
1264 824 1397 862 merito

112 892 152 921 ut
173 892 319 922 tantum
341 885 374 922 ei
395 886 535 923 debere
556 886 710 932 viderer,
734 894 790 923 est
810 886 870 924 ita.
929 888 1011 935 Ego
1032 887 1094 924 illa
1114 888 1227 924 extuli
1249 901 1398 937 semper

111 956 147 985 et
168 961 214 985 eo
234 948 390 997 quidem
412 948 530 996 magis
552 962 599 986 ne
619 949 711 997 quid
738 948 800 986 ille
824 949 1060 997 superiorum
1089 950 1306 988 meminisse
1336 965 1396 989 me

111 1019 268 1060 putaret.
327 1013 436 1059 Quae
465 1012 496 1049 si
525 1012 687 1050 maxime
716 1012 986 1059 meminissem,
1017 1022 1145 1051 tamen
1176 1014 1273 1051 illius
1305 1022 1396 1052 tem-

110 1075 210 1124 poris
239 1075 526 1113 similitudinem
553 1076 627 1112 iam
654 1076 761 1124 sequi
781 1077 971 1114 deberem.
1030 1077 1135 1114 Nihil
1162 1090 1223 1115 me
1251 1077 1393 1115 adiuvit

53 1150 90 1182 15
109 1152 196 1176 cum
217 1146 346 1188 posset
360 1154 371 1186 3
400 1141 468 1177 sed
487 1147 620 1188 postea
639 1139 707 1176 suit
733 1139 887 1185 amicus,
910 1140 1023 1177 etiam
1045 1141 1164 1186 valde,
1187 1154 1257 1178 nec
1278 1154 1391 1189 quam

109 1203 160 1241 ob
179 1215 333 1240 causam
352 1204 465 1252 plane
486 1203 574 1240 scio.
634 1205 734 1252 Ergo
754 1216 824 1252 ego
845 1216 999 1252 quoque
1025 1203 1087 1240 illi.
1145 1204 1250 1251 Quin
1279 1205 1391 1242 etiam

107 1266 201 1304 illud
220 1279 287 1316 par
305 1266 344 1304 in
364 1274 525 1316 utroque
546 1274 728 1313 nostrum,
744 1268 849 1316 quod
868 1268 918 1305 ab
937 1267 1081 1305 eisdem
1103 1268 1229 1305 inlecti
1250 1281 1390 1305 sumus.

107 1331 182 1368 Sed
221 1330 365 1368 utinam
403 1338 550 1368 tantum
583 1344 654 1380 ego
687 1331 721 1368 ei
754 1332 936 1379 prodesse
965 1331 1174 1380 potuissem
1207 1340 1392 1380 quantum

107 1393 200 1430 mihi
236 1393 298 1431 ille
335 1394 483 1443 potuit!
554 1394 652 1431 Mihi
692 1402 819 1432 tamen
858 1396 962 1443 quod
1001 1395 1088 1432 fecit
1125 1395 1389 1444 gratissimum.

50 1472 88 1494 20
106 1458 190 1494 Nec
216 1470 286 1506 ego
312 1471 415 1495 nunc
441 1471 528 1495 eum
555 1457 683 1496 iuvare
709 1471 784 1507 qua
806 1471 845 1496 re
873 1458 1016 1507 possim
1043 1458 1122 1495 scio
1148 1472 1229 1503 nec,
1253 1458 1282 1496 si
1309 1471 1392 1507 pos-

105 1533 195 1566 sem,
236 1534 323 1558 cum
370 1529 446 1558 tam
494 1522 713 1571 pestiferum
751 1522 902 1563 bellum>
933 1530 1089 1571 pararet,
1128 1522 1388 1559 adiuvandum

104 1592 285 1633 putarem.
342 1586 509 1622 Tantum
530 1587 723 1623 offendere
742 1586 912 1623 animum
933 1586 1012 1623 eius
1033 1586 1094 1623 hic
1121 1599 1278 1622 manens
1299 1587 1388 1623 nolo
1406 1592 1433 1630 4

105 1660 175 1684 nec
204 1661 265 1685 me
285 1649 438 1685 hercule
458 1648 528 1685 ista
548 1648 675 1686 videre
696 1662 794 1697 quae
816 1657 854 1686 tu
876 1657 985 1698 potes
1012 1648 1086 1686 iam
1112 1649 1240 1686 animo
1270 1648 1391 1697 provi-

105 1712 204 1756 dere,
227 1723 298 1748 nec
327 1711 506 1748 interesse
535 1711 613 1748 istis
644 1712 750 1749 malis
774 1725 938 1761 possem.
996 1713 1071 1749 Sed
1101 1725 1147 1749 eo
1176 1711 1316 1748 tardior
1341 1712 1390 1748 ad

48 1788 85 1819 25
105 1773 383 1812 discedendum
414 1774 467 1811 fui
498 1776 602 1823 quod
634 1775 786 1813 difficile
817 1784 873 1813 est
901 1777 950 1813 de
979 1775 1148 1813 discessu
1177 1774 1390 1812 voluntario

104 1836 186 1875 sine
205 1839 280 1874 ulla
299 1850 366 1886 spe
385 1837 527 1875 reditus
554 1838 728 1886 cogitare.
787 1830 887 1876 Nam
917 1852 987 1888 ego
1016 1840 1119 1876 hunc
1144 1838 1196 1875 ita
1215 1844 1387 1886 paratum

102 1900 214 1938 video
247 1900 428 1949 peditatu,
457 1900 637 1950 equitatu,
666 1902 859 1948 classibus,
888 1902 1034 1939 auxiliis
1065 1902 1260 1939 Gallorum
1290 1913 1386 1949 quos

103 1964 245 2002 Matius
277 1966 451 2010 ἐλάπιζειν,
478 1972 518 2002 ut
547 1972 650 2014 puto,
680 1966 747 2003 sed
776 1974 876 2003 certe
905 1966 1058 2003 dicebat
1085 1996 1091 2002 .
1123 1996 1130 2002 .
1163 1995 1169 2002 .
1201 1964 1383 2014 peditum,

89 2027 273 2077 equitum
293 2041 333 2066 se
352 2027 521 2077 polliceri
542 2036 695 2077 sumptu
716 2042 786 2066 suo
805 2042 926 2066 annos
947 2031 1092 2066 decem.
1151 2030 1226 2066 Sed
1247 2028 1293 2065 sit
1313 2029 1386 2066 hoc

147 2156 159 2175 1
187 2156 237 2175 me
266 2145 445 2176 Corradus:
482 2146 560 2176 mihi
589 2145 634 2178 M.
661 2145 718 2176 sed
741 2147 776 2185 cf.
801 2145 955 2176 Sclzmalz
985 2145 1260 2176 ‘Antibarbarus'
1285 2147 1303 2177 i.
1327 2157 1387 2186 735

105 2197 141 2226 15
165 2188 223 2218 sed
245 2189 323 2218 coni.
346 2187 544 2227 Wesenberg:
569 2193 603 2218 et
619 2187 676 2219 M:
710 2199 772 2219 om.
792 2188 928 2228 Madwg
1033 2199 1094 2219 nec
1113 2199 1209 2227 quam
1230 2187 1385 2228 Madvzjg:

101 2235 133 2259 et
150 2240 247 2268 quam
264 2230 302 2259 M
316 2242 322 2261 :
345 2241 479 2269 ecquam
496 2231 614 2260 Rosius
702 2232 738 2260 16
755 2232 864 2261 nescio
881 2231 999 2261 Rosius
1086 2241 1123 2269 19
1141 2235 1214 2271 post
1223 2231 1299 2261 fecit
1312 2232 1383 2262 add.

101 2272 235 2302 alterum
252 2272 330 2302 fecit
346 2283 407 2302 non
425 2274 509 2303 nulli
593 2283 633 2310 24
651 2283 784 2311 possum
798 2274 873 2304 coni.
896 2273 996 2304 Orelli
1077 2275 1117 2304 28
1134 2284 1224 2304 ccmo
1241 2274 1386 2312 peditum

100 2314 217 2344 Rosius
227 2326 239 2351 ,·
262 2315 405 2354 idemque
420 2326 497 2345 mox
512 2325 571 2345 sex
585 2320 644 2354 pro
660 2325 695 2345 se

1241 2368 1301 2398 21*
