1690 2710
84 124 190 160 XVI.
208 124 283 159 xiv
595 123 648 159 M.
678 122 841 159 TVLLI
872 122 1168 160 CICERONIS

195 435 211 461 1

276 248 381 284 XIV
426 251 492 283 Scr.
509 251 543 282 in
559 251 715 290 Arpinati
729 249 831 281 medio
847 260 951 280 mense
961 249 1135 280 Novembri
1146 261 1175 280 a.
1198 260 1253 289 710
1269 253 1355 290 (44).

627 334 794 365 CICERO
822 334 998 365 ATTICO
1027 334 1129 366 SAL.

285 422 391 460 Nihil
425 429 502 459 erat
535 422 648 470 plane
680 421 786 470 quod
819 420 1033 458 scriberem.
1100 422 1198 459 Nam
1233 434 1321 459 curn
1355 422 1523 461 Puteolis

231 498 365 531 essem,
388 485 528 523 cotidie
552 484 698 533 aliquid
724 483 813 522 novi
833 485 882 521 de
903 484 1126 530 Octaviano,
1150 486 1268 523 multa
1291 485 1405 523 etiam
1432 487 1524 524 falsa

231 550 280 587 de
300 549 482 587 Antonio.
540 550 602 586 Ad
629 561 673 586 ea
700 555 828 586 autem
858 561 956 596 quae
982 548 1162 597 scripsisti
1187 549 1267 598 (tris
1293 550 1394 587 enim
1421 563 1525 588 acce-

232 624 361 660 peram
382 623 426 648 111
445 612 537 649 Idus
557 624 579 648 a
595 619 630 649 te
650 611 858 661 epistulas),
874 612 984 648 valde
1000 610 1068 648 tibi
1088 612 1293 658 adsentior,
1310 612 1339 649 si
1361 613 1524 650 multum

232 674 352 724 possit
372 674 614 720 Octavianus,
638 676 758 711 multo
785 673 928 711 firmius
954 681 1039 711 acta
1059 674 1205 722 tyranni
1232 676 1524 724 comprobatum

234 737 276 774 iri
306 750 421 786 quam
459 737 497 774 in
534 737 696 775 Telluris
726 744 841 785 atque
878 736 917 773 id
950 744 1081 774 contra
1116 739 1274 774 Brutum
1308 739 1396 776 fore.
1459 738 1524 776 Sin

234 807 362 838 autem
381 800 552 845 vincitur,
571 799 676 837 vides
696 799 973 836 intolerabilem
993 799 1219 845 Antonium,
1239 807 1279 837 ut
1299 813 1413 849 quem
1434 801 1525 838 velis

194 876 217 903 2
236 863 392 901 nescias.
451 863 486 901 O
507 862 603 900 Sesti
624 861 859 899 tabellarium
887 861 1084 899 hominem
1111 866 1299 911 nequam!
1338 863 1525 901 Postridie

237 925 404 964 Puteolis
433 927 581 963 Romae
610 937 649 963 se
677 925 771 962 dixit
799 926 887 962 fore.
947 925 1064 971 Quod
1094 937 1155 962 me
1184 938 1317 963 mones
1345 933 1386 963 ut
1413 927 1526 975 pede-

235 988 420 1038 temptim,
435 988 628 1026 adsentior
642 1002 651 1035 3
675 987 743 1025 etsi
758 987 865 1025 aliter
880 986 1105 1036 cogitabam.
1151 988 1234 1026 Nec
1254 1001 1314 1026 me
1328 988 1526 1038 Philippus

235 1059 300 1090 aut
321 1052 524 1089 Marcellus
552 1058 688 1089 movet.
746 1050 832 1088 Alia
858 1049 960 1088 enim
986 1063 1118 1088 eorum
1142 1050 1236 1088 ratio
1255 1056 1308 1087 est
1325 1058 1371 1097 et,
1394 1051 1424 1088 si
1448 1065 1526 1089 non

236 1123 302 1161 est,
329 1123 457 1152 tamen
486 1114 642 1152 videtur.
701 1115 777 1151 Sed
808 1113 845 1150 in
874 1113 947 1151 isto
975 1112 1122 1159 iuvene,
1149 1126 1381 1162 quamquam
1409 1114 1526 1152 animi

237 1178 338 1225 satis,
353 1177 586 1216 auctoritatis
606 1191 738 1226 parum
759 1184 825 1215 est.
878 1178 1027 1214 Tamen
1046 1176 1142 1222 vide,
1162 1176 1191 1213 si
1212 1178 1306 1214 forte
1326 1176 1364 1213 in
1384 1178 1528 1214 Tuscu—

238 1244 324 1280 lano
353 1249 454 1279 recte
482 1254 565 1278 esse
593 1253 760 1289 possum,
789 1253 837 1278 ne
867 1239 906 1277 id
937 1239 1072 1277 melius
1103 1238 1159 1276 sit.
1219 1241 1295 1276 Ero
1325 1239 1527 1286 libentius3

237 1304 330 1342 nihil
350 1304 452 1342 enim
473 1303 666 1352 ignorabo.
724 1305 785 1340 An
805 1303 878 1347 hic,
901 1315 988 1339 cum
1010 1301 1201 1339 Antonius
1220 1302 1395 1340 venerit?

196 1375 219 1411 3
289 1368 376 1413 Sed,
401 1374 443 1404 ut
468 1365 572 1404 aliud
602 1379 647 1403 ex
674 1365 759 1411 alio,
789 1364 881 1401 mihi
912 1377 990 1402 non
1022 1371 1078 1402 est
1109 1364 1269 1402 dubium
1299 1364 1391 1413 quin
1422 1366 1526 1414 quod

192 1625 217 1662 4

238 1430 373 1469 Graeci
394 1430 559 1478 καθῆκον,
582 1442 652 1467 nos
670 1428 881 1465 ‘officium'
935 1429 981 1464 Id
1001 1435 1128 1465 autern
1150 1427 1242 1476 quid
1263 1428 1414 1465 dubitas
1434 1428 1526 1476 quin

237 1494 350 1532 etiam
377 1493 415 1530 in
441 1506 519 1530 rem
546 1491 739 1540 publicam
764 1492 953 1540 praeclare
978 1492 1157 1528 caderet?
1204 1492 1345 1528 Nonne
1364 1490 1526 1528 dicimus

240 1557 463 1595 ‘consulum
484 1555 662 1600 officium,
685 1561 837 1592 senatus
858 1553 1035 1599 officium,
1056 1552 1292 1602 imperatoris
1312 1552 1478 1591 officium
1492 1554 1528 1590 ³?

238 1621 431 1658 Praeclare
451 1618 629 1656 convenit
644 1632 653 1664 3
678 1625 743 1655 aut
763 1618 812 1655 da
833 1617 977 1655 melius.
1035 1618 1138 1654 Male
1159 1629 1284 1654 narras
1304 1617 1353 1654 de
1367 1616 1528 1665 Nepotis

237 1683 324 1720 filio.
365 1683 488 1720 Valde
509 1694 569 1720 me
591 1682 744 1719 hercule
766 1694 921 1719 moveor
941 1688 978 1718 et
1000 1681 1158 1717 moleste
1177 1680 1265 1716 fero.
1308 1678 1526 1716 Nescieram

237 1746 395 1784 omnino
423 1759 505 1783 esse
534 1745 646 1782 istum
674 1758 844 1794 puerum.
904 1744 1108 1783 Caninium
1135 1742 1298 1791 perdidi,
1318 1742 1525 1788 hominem,

237 1811 341 1858 quod
364 1810 413 1846 ad
436 1822 497 1846 me
522 1809 665 1854 attinet,
689 1822 766 1846 non
791 1809 988 1857 ingratum.
1046 1807 1338 1844 Athenodorum
1359 1806 1452 1842 nihil
1472 1813 1527 1843 est

238 1874 343 1922 quod
366 1874 524 1910 hortere.
584 1872 691 1909 Misit
717 1871 819 1910 enim
847 1871 937 1908 satis
963 1871 1106 1909 bellum
1132 1871 1333 1917 ὑπόμνημα.
1392 1870 1528 1906 Grave-

239 1936 329 1981 dini,
344 1948 496 1984 quaeso,
515 1934 620 1973 omni
640 1934 785 1973 ratione
805 1933 976 1972 subveni.
1024 1932 1097 1969 Avi
1117 1932 1171 1969 tui
1191 1944 1380 1980 pronepos
1400 1930 1529 1968 scribit

239 2000 287 2036 ad
313 1998 427 2048 patris
454 1998 528 2036 mei
555 2006 735 2047 nepotem
766 2011 805 2035 se
834 2010 879 2034 ex
906 1995 1028 2034 Nonis
1055 1995 1100 2032 iis
1129 1994 1267 2044 quibus
1294 2007 1363 2031 nos
1393 2006 1529 2041 magna

239 2061 422 2111 gessimus
464 2063 600 2099 aedem
641 2061 735 2110 Opis
781 2060 1053 2109 explicaturum
1092 2058 1208 2107 idque
1244 2059 1293 2095 ad
1331 2058 1525 2106 populum.

241 2124 399 2161 Videbis
428 2124 538 2173 igitur
567 2132 603 2161 et
632 2123 782 2161 scribes.
845 2122 946 2160 Sexti
975 2120 1158 2159 iudicium
1187 2127 1375 2169 exspecto.

283 2235 300 2261 4
324 2224 407 2254 salsa
424 2224 509 2253 Koclz
672 2233 707 2261 13
732 2228 781 2253 est
798 2223 866 2252 add
905 2221 1088 2261 H'eszuberg
1267 2222 1303 2251 16
1326 2231 1366 2250 ne
1384 2219 1432 2259 id]
1452 2220 1528 2250 idne

241 2268 316 2296 coni.
336 2272 386 2305 ap.
406 2266 522 2295 Lamb.
723 2275 764 2295 20
785 2266 923 2303 quadret
940 2264 1061 2293 Mr'iller
1257 2273 1293 2293 21
1320 2262 1528 2301 imperatoris

243 2309 379 2378 ‘'Z-fficium
407 2308 512 2338 Gran:
538 2318 601 2338 om.
626 2311 677 2337 ΣΔ
807 2317 844 2345 27
870 2307 932 2336 Avi
960 2305 1126 2337 Muretus:
1149 2304 1203 2344 qui
1221 2304 1281 2336 M:
1314 2304 1456 2343 Quintus
1475 2304 1528 2334 avi

275 2360 381 2379 rsmns

1543 560 1559 591 5

1547 874 1584 897 10

1549 1186 1584 1217 15

1547 1502 1586 1524 20

1548 1815 1584 1846 25
