1590 2730
69 141 161 176 XII.
184 141 290 176 xxxi
544 143 599 178 M.
629 143 792 179 TVLLI
822 143 1119 181 CICERONIS

231 271 380 306 XXXI
500 274 569 306 Ser.
591 275 733 306 Asturae
745 276 784 307 iv.
803 276 847 307 K.
863 276 895 306 A
898 281 944 315 pr.
962 287 992 308 a.
1012 286 1069 317 709
1086 276 1169 318 (45).

582 355 749 386 CICERO
777 356 952 387 ATTICO
979 356 1083 388 SAL.

157 448 174 475 1
245 435 378 473 Silium
410 443 576 474 mutasse
605 436 832 474 sententiam
864 437 973 475 Sicca
1001 437 1215 475 mirabatur.
1284 437 1476 487 Equidem

192 498 310 546 magis
344 499 457 536 miror
487 501 601 548 quod,
634 513 721 537 cum
755 500 792 536 in
824 500 942 537 filium
973 514 1126 538 causam
1164 502 1350 538 conferret
1378 515 1476 550 quae

190 561 284 598 mihi
313 574 391 599 non
420 561 558 599 iniusta
587 562 735 600 videtur
759 564 890 612 (habet
919 563 1020 600 enim
1050 565 1201 612 qualem
1227 564 1334 613 vult),
1359 564 1412 602 ais
1439 573 1475 603 te
1494 576 1511 607 5

190 632 333 672 putare,
355 625 384 661 si
404 625 665 663 addiderimus
691 625 795 663 aliud
814 639 837 663 a
863 639 939 675 quo
966 626 1134 674 refugiat,
1157 640 1245 664 cum
1264 627 1312 664 ab
1333 626 1416 676 ipso
1435 628 1475 666 id

147 695 171 721 2
190 687 301 725 fuerit
330 688 572 735 destinatum,
604 689 857 726 venditurum.
916 689 1076 737 Quaeris
1104 703 1126 727 a
1155 703 1216 728 me
1244 692 1349 739 quod
1378 704 1476 728 sum-

190 764 296 788 mum
327 752 488 801 pretium
520 753 748 790 constituam
779 760 816 790 et
847 761 1032 801 quantum
1058 753 1200 790 anteire
1226 753 1317 791 istos
1345 755 1475 792 hortos

190 814 314 851 Drusi.
372 815 527 853 Accessi
554 829 787 864 numquam3
817 815 1083 864 Coponianam
1103 816 1229 853 villam
1253 824 1289 854 et
1309 824 1474 854 veterem

188 883 224 914 et
249 891 326 915 non
356 891 532 927 magnam
561 879 660 924 novi,
683 879 815 916 silvam
836 879 1016 924 nobilem,
1039 880 1202 916 fructum
1228 887 1356 916 autem
1385 893 1474 917 neu·
1496 893 1533 915 ιο

189 940 290 986 trius‚
314 942 418 989 quod
439 949 565 979 tamen
587 949 680 990 puto
700 955 770 979 nos
790 941 884 979 scire
904 949 1088 990 oportere.
1137 943 1213 979 Sed
1233 942 1325 978 mihi
1345 942 1473 979 utrivis

188 1002 345 1040 istorum
366 1011 536 1052 tempore
557 1004 675 1052 magis
696 1018 782 1042 meo
809 1018 924 1053 quam
951 1005 1096 1042 ratione
1122 1004 1347 1042 aestimandi
1374 1013 1470 1042 sunt.

190 1065 336 1103 Possim
369 1074 496 1104 autem
527 1067 687 1116 adsequi
725 1080 846 1104 necne
877 1075 917 1104 tu
947 1067 1059 1104 velim
1092 1067 1243 1115 cogites.
1301 1067 1341 1113 Si
1371 1067 1473 1104 enim

189 1129 442 1166 Faberianum
471 1131 689 1176 venderem,
715 1130 902 1178 explicare
930 1132 987 1167 vel
1016 1130 1361 1179 repraesentatione
1395 1144 1472 1168 non

187 1191 400 1229 dubitarem
435 1194 484 1230 de
515 1193 673 1238 Silianis,
705 1193 735 1230 si
773 1195 890 1231 modo
919 1194 1172 1231 adduceretur
1208 1201 1250 1230 ut
1279 1195 1469 1231 venderet.
1494 1207 1529 1239 15

187 1254 226 1292 Si
263 1255 404 1292 venalis
442 1269 520 1293 non
558 1257 724 1302 haberet,
761 1256 956 1293 transirem
997 1257 1046 1294 ad
1082 1258 1249 1293 Drusum
1282 1258 1341 1294 vel
1378 1256 1472 1294 tanti

186 1318 318 1366 quanti
346 1319 530 1367 Egnatius
554 1319 659 1356 illurn
679 1320 774 1357 velle
799 1319 866 1356 tibi
892 1319 995 1357 dixit.
1055 1321 1199 1368 Magno
1227 1319 1341 1357 etiam
1369 1320 1473 1358 adiu-

186 1389 317 1419 mento
349 1381 460 1420 nobis
495 1384 759 1430 Hermogenes
797 1390 921 1431 potest
954 1395 1036 1419 esse
1069 1381 1107 1418 in
1140 1385 1469 1431 repraesentando.

185 1445 237 1480 At
257 1451 296 1481 tu
317 1446 487 1482 concede
507 1445 610 1490 mihi,
633 1458 786 1494 quaeso,
809 1453 849 1482 ut
872 1459 919 1482 eo
938 1445 1067 1483 animo
1091 1445 1160 1482 sim
1185 1458 1263 1494 quo
1282 1446 1313 1483 is
1333 1447 1472 1484 debeat

185 1519 267 1544 esse
305 1507 369 1556 qui
407 1521 532 1545 emere
565 1508 703 1557 cupiat,
737 1515 773 1545 et
804 1516 931 1546 tamen
963 1508 1015 1546 ita
1044 1508 1166 1546 servio
1203 1508 1402 1558 cupiditati
1434 1517 1472 1548 et
1491 1522 1530 1544 20

186 1570 309 1607 dolori
338 1583 425 1608 meo
454 1578 494 1608 ut
522 1584 544 1608 a
572 1578 609 1608 te
638 1571 715 1620 regi
744 1571 868 1608 velim.

227 1710 401 1746 XXXII
502 1714 569 1745 Scr.
586 1715 729 1745 Asturae
743 1726 762 1745 v
777 1715 819 1745 K.
836 1715 868 1744 A
868 1719 917 1754 pr.
937 1726 966 1746 a.
989 1725 1045 1755 709
1065 1716 1143 1755 (45).

572 1801 739 1832 CICERO
769 1801 944 1832 ATTICO
973 1801 1077 1832 SAL.

150 1901 166 1928 1
239 1886 421 1937 Egnatius
452 1886 544 1924 mihi
575 1886 732 1935 scripsit.
805 1889 842 1924 Is
875 1887 904 1924 si
936 1887 1029 1936 quid
1063 1895 1188 1925 tecum
1222 1890 1371 1926 locutus
1401 1887 1469 1926 erit

37 1941 131 1979 (ΧΧΧῙ
186 1949 513 1995 (commodissime
533 1949 634 1987 enim
661 1963 727 1998 per
752 1963 839 1987 eum
865 1950 924 1998 agi
950 1950 1092 1999 potest)
1110 1951 1158 1987 ad
1179 1964 1240 1988 nie
1260 1951 1412 1997 scribes,
1432 1959 1469 1988 et
1489 1966 1526 1998 25

36 1983 71 2022 3)
185 2013 223 2050 id
243 2014 433 2062 agendum
455 2020 557 2061 puto.
621 2014 721 2049 Nam
735 2026 822 2050 cum
844 2012 935 2051 Silio
955 2026 1034 2050 non
1054 2013 1166 2051 video
1187 2014 1323 2051 confici
1344 2027 1466 2062 posse.

186 2076 302 2113 Piliae
325 2083 361 2113 et
382 2075 531 2113 Atticae
551 2077 722 2113 salutern.

225 2179 245 2205 6
268 2177 369 2206 aliudl
404 2177 482 2206 illud
513 2177 561 2207 vel
585 2177 708 2215 aliquid
736 2177 811 2207 coni.
844 2175 1028 2216 Wesenlmg
1152 2187 1189 2207 10
1212 2182 1244 2207 et
1268 2177 1340 2207 add.
1374 2175 1465 2207 Man.

183 2220 311 2258 silvam]
338 2220 495 2249 Silianam
522 2218 703 2259 Wesenberg
832 2229 863 2248 11
891 2219 1006 2248 utrivis
1031 2218 1054 2246 L
1079 2219 1214 2258 (mmg.)
1241 2231 1267 2249 v.
1286 2231 1308 2249 c.
1334 2214 1375 2247 Zb
1396 2220 1469 2249 Cor-

184 2262 304 2291 radus:
335 2262 439 2291 utrius
464 2261 504 2290 M
612 2271 647 2299 14
672 2260 835 2299 explicare
852 2261 903 2291 vel
921 2262 1224 2299 repraesentatione
1240 2262 1306 2292 secl.
1324 2261 1470 2292 Schmidt

187 2313 223 2341 19
246 2308 278 2333 at
296 2308 326 2332 tu
348 2303 442 2332 Rom.
458 2314 464 2332 τ
490 2308 544 2333 aut
560 2302 598 2331 M
