1590 2730
505 137 614 173 EPP.
644 137 719 172 AD
748 136 999 174 ATTICVM
1351 138 1418 173 IX.
1435 146 1495 173 xv

122 243 247 281 habeo
275 247 335 281 †et
363 241 553 291 descripta
581 242 706 280 attulit
735 243 797 280 illa
835 249 857 280 e
885 242 1056 281 via†misi
1089 245 1138 281 ad
1171 251 1208 281 te
1235 250 1346 290 ante3
1383 257 1405 281 e

122 307 260 356 quibus
298 308 479 344 mandata
514 306 681 356 intellegi
715 320 835 355 posse.
905 306 1103 356 Philippus
1137 307 1299 356 Neapoli
1337 314 1405 354 est,

123 371 307 407 Lentulus
337 369 514 408 Puteolis.
574 371 634 408 De
660 369 844 415 Domitio,
867 377 908 406 ut
927 369 1031 416 facis,
1052 369 1241 407 sciscitare
1261 369 1326 407 ubi
1344 369 1405 417 sit,

122 432 215 481 quid
235 432 384 481 cogitet.

27 502 29 505 “
84 507 102 538 5
174 496 291 542 Quod
317 494 448 533 scribis
476 495 644 544 asperius
673 508 734 532 me
760 508 873 544 quam
899 495 973 533 mei
999 495 1188 544 patiantur
1208 508 1331 532 mores
1356 496 1404 532 de
1421 503 1446 542 5

123 558 309 606 Dionysio
333 558 538 607 scripsisse,
558 558 645 595 vide
675 571 789 606 quam
819 557 890 595 sim
918 557 1163 606 antiquorum
1192 557 1401 595 hominum.

121 623 179 659 Te
211 622 359 659 medius
396 621 509 659 fidius
542 623 641 660 hanc
674 635 752 659 rem
790 621 936 670 gravius
969 622 1098 670 putavi
1131 624 1292 658 laturum
1323 635 1404 660 esse

122 698 236 733 quam
271 698 341 723 me.
401 687 501 722 Nam
534 693 680 734 praeter
713 698 827 733 quam
863 674 967 733 quod
1001 692 1037 721 te
1069 685 1211 722 moveri
1248 684 1405 722 arbitror

122 755 295 795 oportere
324 747 458 785 iniuria
487 761 584 796 quae
613 748 706 785 mihi
734 761 756 784 a
784 761 978 796 quoquam
1008 749 1106 785 facta
1135 747 1193 794 sit,
1213 754 1405 796 praeterea

66 823 105 847 10
123 817 159 848 te
178 810 303 859 ipsum
323 812 491 860 quodam
513 813 630 849 modo
650 811 712 848 hic
732 811 884 848 violavit
911 825 999 848 cum
1025 810 1063 848 in
1091 824 1151 848 me
1172 818 1249 848 tam
1269 811 1405 860 impro-

121 873 192 910 bus
212 873 291 911 fuit.
333 875 410 912 Sed
429 882 469 911 tu
490 874 529 912 id
549 874 680 923 quanti
701 874 877 912 aestimes
898 881 1006 911 tuum
1023 874 1206 912 iudicium
1223 882 1305 921 est,
1334 888 1404 911 nec

120 943 248 974 tamen
277 937 315 973 in
345 938 419 975 hoc
447 937 515 975 tibi
544 937 751 986 quicquam
785 937 909 975 oneris
938 937 1106 987 impono.
1166 940 1248 986 Ego
1276 946 1403 975 autern

120 999 225 1036 illum
251 1003 348 1038 male
375 1014 509 1038 sanum
534 1014 684 1050 semper
709 1001 850 1050 putavi,
871 1015 973 1039 nunc
1004 1002 1117 1039 etiam
1147 1001 1338 1050 impurum
1368 1009 1404 1039 et

121 1066 344 1101 sceleratum
377 1073 471 1114 puto
504 1079 575 1102 nec
604 1072 731 1103 tamen
767 1065 861 1102 mihi
894 1065 1143 1103 inimiciorem
1173 1079 1289 1114 quam
1318 1065 1401 1103 sibi.

65 1136 100 1167 15
122 1126 338 1176 Philargyro
367 1128 466 1165 bene
495 1128 642 1165 curasti.
701 1130 867 1166 Causam
896 1136 996 1166 certe
1020 1128 1185 1166 habuisti
1216 1136 1252 1167 et
1278 1142 1404 1166 veram

119 1196 156 1227 et
176 1190 328 1237 bonam,
352 1191 524 1228 relictum
545 1205 627 1229 esse
648 1204 708 1228 me
729 1191 856 1240 potius
877 1205 991 1240 quam
1013 1192 1218 1241 reliquisse.

171 1255 270 1292 Cum
301 1255 492 1292 dedissem
523 1254 598 1292 iam
631 1255 771 1293 litteras
801 1268 832 1293 a.
861 1257 897 1293 d.
927 1268 997 1292 VIII
1033 1258 1130 1302 Kal,
1165 1256 1270 1305 pueri
1308 1260 1450 1305 quosG

119 1329 206 1354 cum
229 1317 351 1355 Matio
377 1325 413 1355 et
439 1318 621 1356 Trebatio
647 1318 823 1356 miseram
850 1318 1051 1368 epistulam
1078 1319 1171 1356 mihi
1199 1321 1406 1357 attulerunt

118 1379 192 1416 hoc
212 1382 408 1430 exemplo:

63 1462 101 1484 ²0
139 1455 367 1492 ‘MATIVS
397 1456 467 1493 ET
495 1456 804 1494 TREBATIVS
835 1457 1103 1495 CICERONI
1134 1458 1245 1496 IMP.
1276 1458 1384 1494 SAL.

171 1529 270 1566 Cum
301 1530 435 1578 Capua
463 1530 680 1577 exissemus,
703 1529 741 1566 in
771 1529 903 1567 itinere
932 1530 1146 1567 audivimus
1176 1531 1402 1579 Pompeium

119 1592 323 1629 Brundisio
351 1606 382 1630 a.
415 1594 450 1630 d.
481 1604 551 1630 XVI
582 1594 631 1630 K.
664 1593 803 1641 Aprilis
837 1607 924 1630 cum
954 1593 1133 1631 omnibus
1162 1594 1280 1643 copiis
1309 1608 1402 1643 quas

119 1654 293 1692 habuerit
313 1657 525 1704 profectum
546 1668 653 1702 esse3
683 1657 884 1694 Caesarem
905 1663 1057 1704 postero
1078 1656 1140 1693 die
1159 1656 1197 1693 in
1217 1657 1403 1705 oppidum

119 1716 305 1765 introisse,
326 1719 589 1756 contionatum
619 1732 710 1764 esse,
736 1718 825 1756 inde
847 1720 1012 1756 Romam
1033 1720 1286 1766 contendisse,
1307 1722 1403 1758 velle

62 1792 100 1824 25
118 1788 206 1818 ante
221 1784 269 1818 K.
286 1795 367 1819 esse
382 1783 432 1820 ad
447 1783 581 1820 urbem
597 1790 634 1819 et
646 1783 830 1831 pauculos
846 1782 927 1819 dies
944 1782 995 1820 ibi
1011 1783 1250 1828 commorari,
1262 1783 1403 1820 deinde

118 1842 157 1879 in
196 1844 403 1893 Hispanias
441 1845 639 1895 proficisci.
711 1845 834 1882 Nobis
873 1859 951 1882 non
986 1845 1154 1882 alienum
1183 1845 1304 1882 visum
1333 1854 1402 1893 est,

164 1956 175 1975 1
203 1951 252 1976 set
276 1949 431 1986 rcscrspta
455 1949 560 1977 attulit
587 1948 621 1978 L.
639 1950 689 1987 (z
703 1948 822 1978 Lucius
844 1948 968 1985 Cacsar,
987 1949 1030 1978 ila
1060 1948 1219 1981 Tunstclll,
1238 1948 1290 1978 illa
1314 1948 1403 1979 Sesti

119 1989 182 2025 (vel
195 1989 358 2028 σηστιὼδη,
377 1991 411 2028 (f.
426 1991 478 2020 vii.
498 2001 542 2030 17.
557 1994 591 2030 2)
608 2002 614 2021 ε
638 2001 676 2020 ea
693 1991 764 2020 misi
785 1991 861 2021 com'.
885 1990 1018 2029 {iv-rell:
1044 1994 1095 2019 set
1120 1991 1277 2028 rescripta
1296 1992 1404 2021 attulit

119 2031 260 2062 Matius:
291 2043 330 2062 ea
355 2033 427 2062 misi
451 2033 605 2071 Madvig:
633 2043 716 2071 quae
738 2034 900 2071 descripta
918 2033 1025 2062 attulit
1044 2032 1085 2062 M.
1108 2033 1170 2069 (vel
1184 2033 1238 2071 C.)
1256 2033 1402 2072 Caesius,

118 2083 157 2103 ea
173 2075 245 2104 misi
260 2073 426 2106 Schmidt:
460 2076 645 2114 descripta;
670 2086 753 2113 quae
775 2075 889 2111 attulit,
911 2076 965 2104 illa
981 2086 998 2104 e
1015 2075 1066 2104 via
1088 2075 1160 2104 misi
1182 2076 1256 2105 coni.
1282 2075 1402 2106 Wesen-

118 2117 189 2156 (ηυξ
273 2122 348 2147 ante
370 2113 510 2147 ORPZ')
527 2129 532 2147 :
565 2128 626 2147 om.
646 2122 672 2147 Δ
814 2129 850 2148 10
873 2119 1012 2156 quodam
1029 2117 1128 2147 Pius:
1158 2128 1299 2155 quonam
1317 2118 1400 2148 codd.

121 2168 156 2196 15
181 2159 358 2199 φιλαργύρῳ
381 2160 482 2191 bene!
512 2161 563 2199 (sc.
585 2159 796 2199 7¹cspotzd1'st1“)‚
817 2161 874 2199 qui
887 2160 969 2189 idem
986 2171 1023 2189 ac
1037 2159 1237 2189 nummarius
1256 2164 1300 2196 (X.
1322 2170 1348 2190 1.
1364 2161 1398 2198 3)

111 2204 213 2240 potest
227 2212 295 2240 esse,
312 2203 387 2233 coni.
402 2202 483 2232 Reid
546 2204 666 2232 curasti
679 2214 706 2232 v.
719 2214 742 2233 c.
756 2202 783 2230 L
800 2203 938 2242 (mazg.)
952 2197 994 2230 ΖΒ
1010 2202 1112 2232 Crat.:
1133 2212 1196 2232 0111.
1214 2205 1265 2232 ΣΔ
1364 2212 1400 2240 17

116 2242 205 2273 Hinc
218 2254 336 2273 novam
353 2245 521 2283 epistulam
538 2245 664 2284 1'1·1ct'pere
674 2248 770 2284 putat
784 2245 897 2274 Zielmn
1047 2244 1138 2282 pueri
1157 2248 1231 2283 post
1249 2244 1351 2274 Matio
1367 2244 1401 2275 in

116 2285 199 2317 codd.
215 2297 221 2317 :
247 2290 365 2326 transp.
382 2286 569 2326 Malaspina
703 2298 739 2317 21
766 2286 948 2316 audivimus
967 2285 1132 2316 ORPM²s
1146 2297 1153 2316 t
1176 2286 1325 2316 audimus
1341 2286 1399 2324 M1,

117 2328 153 2365 cf.
168 2328 233 2358 viii.
251 2338 284 2358 11
304 2338 325 2358 D
341 2339 360 2366 3
489 2339 528 2367 23
552 2329 703 2359 habuerit
719 2329 802 2359 codd.
818 2340 824 2358 ι
849 2328 960 2358 habuit
975 2329 1060 2367 vulg.
1182 2337 1222 2366 25
1244 2330 1400 2367 pauculos

119 2368 252 2401 022711'28:
273 2371 393 2409 paulos
412 2371 505 2401 CM:
530 2381 652 2410 paucos
670 2370 779 2401 O¹RP
