1590 2730
478 142 587 178 EPP.
619 142 694 177 AD
722 141 974 179 ATTICVM
1292 143 1383 179 XII.
1402 145 1476 178 xxi

88 251 326 288 consulerem
352 249 433 298 ipse
459 247 715 285 indicaverim.
773 249 885 295 Quae
908 247 1038 286 omnia
1063 248 1152 297 quia
1173 250 1271 287 Cato
1298 251 1375 286 lau—

87 313 199 351 dibus
220 314 401 350 extulerat
417 312 455 349 in
471 313 618 349 caelum
638 311 985 360 perscribendaque
1004 320 1213 357 censuerat,
1231 311 1374 350 idcirco

86 375 126 414 in
146 376 226 414 eius
247 374 475 413 sententiam
496 381 552 412 est
571 375 671 411 facta
694 373 887 411 discessio.
947 374 1026 411 Hic
1051 382 1178 412 autem
1199 387 1239 412 se
1259 375 1373 412 etiam

87 439 250 477 tribuere
269 441 432 476 multum
453 437 504 475 mi
524 445 632 487 putat
658 439 764 486 quod
790 437 979 485 scripserit
1002 438 1212 485 ‘optimum
1239 450 1372 475 consu-

50 514 68 546 5
85 504 185 540 lem.'
240 502 337 550 Quis
362 501 464 539 enirn
491 501 653 538 ieiunius
679 500 772 538 dixit
798 500 1003 538 inimicus?
1057 502 1120 537 Ad
1141 508 1264 538 cetera
1283 514 1373 538 vero

86 565 155 603 tibi
174 578 289 614 quem
308 565 358 602 ad
378 565 538 601 modum
564 563 753 611 rescripsit
771 566 777 600 1
833 565 1001 600 Tantum
1026 571 1131 611 rogat
1151 564 1199 600 de
1219 571 1372 600 senatus

86 629 262 665 consulto
276 635 318 665 ut
333 627 505 677 corrigas.
552 628 642 664 Hoc
657 626 812 674 quidem
829 626 989 670 fecisset,
1007 626 1120 663 etiam
1137 626 1167 663 si
1183 640 1205 662 a
1222 627 1373 664 librario

85 690 305 728 admonitus
325 697 433 727 esset.
491 689 568 726 Sed
588 690 683 726 haec
703 688 839 726 iterum
860 688 941 737 ipse
961 688 1105 725 viderit.

139 755 199 790 De
219 752 336 790 hortis
356 752 538 800 quoniam
558 752 708 799 probas,
731 752 837 788 effice
857 751 1014 799 aliquid.
1065 752 1249 789 Rationes
1270 765 1373 790 meas
1392 761 1415 787 2

31 830 68 852 10
84 815 195 853 nosti.
253 814 292 852 Si
311 827 400 852 vero
428 814 543 852 etiam
562 827 584 851 a
606 814 766 851 Faberio
796 814 940 862 aliquid
965 815 1108 859 recedit
1127 815 1221 851 nihil
1247 815 1373 863 negoti

86 885 152 917 est.
208 879 284 916 Sed
304 877 417 915 etiam
438 877 519 915 sine
545 891 591 914 eo
617 890 730 926 posse
749 877 881 914 videor
907 879 1150 915 contendere.
1209 879 1373 916 Venales

85 949 186 980 certe
211 949 299 979 sunt
327 941 452 987 Drusi,
475 943 633 979 fortasse
659 941 773 979 etiam
801 940 976 978 Lamiani
999 948 1036 979 et
1056 941 1241 980 Cassiani.
1297 942 1372 979 Sed

85 1019 223 1043 coram.

139 1071 199 1106 De
224 1068 405 1106 Terentia
432 1082 512 1106 non
538 1081 697 1118 possum
725 1068 968 1106 commodius
997 1068 1160 1106 scribere
1188 1081 1302 1117 quam
1331 1075 1372 1105 tu
1392 1074 1414 1109 3

31 1143 66 1174 15
86 1131 227 1169 scribis.
285 1131 464 1170 Officium
499 1131 546 1169 sit
579 1132 690 1169 nobis
723 1131 1042 1180 antiquissimum.
1101 1131 1139 1168 Si
1172 1131 1264 1180 quid
1301 1144 1371 1169 nos

84 1194 266 1241 fefellerit,
284 1194 381 1231 illius
401 1196 503 1231 malo
523 1208 585 1232 me
600 1208 716 1243 quam
736 1195 811 1232 mei
831 1195 1034 1244 paenitere.
1079 1195 1199 1233 Oviae
1213 1196 1256 1233 C.
1272 1195 1370 1232 Lolli
1388 1203 1414 1242 4

83 1258 251 1295 curanda
270 1264 358 1294 sunt
380 1259 448 1294 HS
468 1269 502 1295 c.
547 1259 671 1306 Negat
694 1260 788 1295 Eros
809 1271 921 1307 posse
942 1258 1022 1295 sine
1039 1271 1110 1303 me,
1126 1259 1251 1303 credo,
1267 1259 1372 1306 quod

82 1321 306 1369 accipienda
324 1320 452 1369 aliqua
471 1320 519 1358 sit
534 1328 571 1358 et
587 1322 715 1358 darida
734 1321 959 1358 aestimatio.
1004 1323 1154 1358 Vellem
1175 1320 1242 1358 tibi
1264 1320 1373 1358 dixis-

83 1391 150 1421 set.
207 1384 245 1421 Si
264 1383 367 1421 enim
388 1396 445 1421 res
466 1391 522 1420 est
549 1391 589 1420 ut
617 1383 710 1420 mihi
737 1383 885 1432 scripsit
909 1392 1039 1432 parata
1062 1398 1133 1421 nec
1158 1384 1195 1420 in
1216 1397 1262 1421 eo
1289 1384 1372 1433 ipso

28 1459 65 1481 20
83 1447 273 1493 mentitur,
295 1460 362 1496 per
389 1454 426 1485 te
455 1446 593 1484 confici
622 1446 756 1495 potuit.
817 1448 863 1484 Id
890 1460 1099 1496 cognoscas
1128 1454 1165 1485 et
1191 1447 1371 1485 conficias

81 1510 207 1548 velim.

135 1574 253 1621 Quod
284 1587 345 1611 me
378 1573 417 1611 in
450 1575 572 1611 forum
604 1586 728 1619 vocaS,
757 1587 803 1611 eo
834 1587 947 1611 vocas
978 1575 1082 1611 unde
1112 1574 1225 1611 etiam
1258 1574 1410 1619 bonis5

83 1637 176 1675 meis
202 1637 314 1674 rebus
337 1636 539 1685 fugiebam.
599 1637 704 1684 Quid
734 1636 834 1674 enim
865 1637 958 1674 mihi
986 1638 1068 1674 foro
1098 1637 1178 1674 sine
1207 1637 1368 1683 iudiciis,

83 1700 164 1738 sine
192 1700 306 1746 curia,
336 1700 373 1736 in
413 1701 544 1737 oculos
574 1699 852 1737 incurrentibus
882 1700 925 1737 iis
955 1713 1051 1749 quos
1084 1700 1213 1737 animo
1246 1713 1370 1749 aequo

28 1775 63 1807 25
82 1763 209 1801 videre
229 1776 306 1799 non
326 1764 512 1811 possum?
568 1763 685 1809 Quod
711 1770 839 1799 autem
859 1776 881 1800 a
902 1776 963 1800 me
983 1763 1159 1800 homines
1179 1765 1370 1812 postulare

82 1826 213 1864 scribis
244 1831 289 1863 ut
312 1828 455 1863 Romae
483 1826 553 1862 sim
587 1838 698 1873 nequ-e
727 1827 823 1862 milli
853 1832 896 1862 ut
925 1827 1042 1863 absim
1075 1828 1254 1863 concedere
1282 1831 1370 1866 ’taut

82 1893 292 1940 quatenus†
313 1902 379 1926 eos
406 1888 497 1925 mihi
522 1889 744 1935 concedere,
767 1889 842 1930 iam
870 1888 1016 1938 pridem
1045 1890 1140 1928 scito
1166 1903 1258 1936 esse,
1281 1903 1368 1928 cum

125 2012 140 2040 7
165 2012 184 2031 a
208 2001 338 2031 librario
365 2000 473 2030 Koclz:
507 2000 592 2030 rario
620 1999 704 2030 codd.
724 2012 730 2030 :
763 2000 874 2031 Salvio
897 2001 1069 2040 Hofmcmn
1093 2002 1157 2032 coll.
1185 2002 1253 2032 xiii.
1274 2011 1323 2039 44.
1349 2012 1369 2040 3

84 2054 122 2074 10
144 2044 266 2082 aliquid
285 2043 368 2073 Crat.
385 2042 412 2071 L
428 2043 564 2083 gmarg.)
583 2037 646 2072 Zb:
671 2053 735 2074 om.
754 2043 839 2074 codd.
952 2045 1077 2075 recedit
1097 2038 1273 2074 ORPMZb
1289 2043 1374 2074 Re'cl

80 2087 145 2120 coll,
158 2092 217 2125 pro
237 2086 361 2125 Quinct.
379 2086 421 2123 38
438 2097 445 2115 ε
470 2095 523 2115 res
546 2086 632 2115 cedit
651 2084 742 2116 Mem.
759 2097 764 2115 :
793 2087 878 2116 redit
898 2088 945 2116 vel
963 2087 1097 2117 redierit
1116 2086 1218 2116 Boot:
1244 2087 1369 2116 accedit

80 2140 96 2159 s
113 2129 207 2159 lx'lolz
295 2139 330 2168 17
356 2128 439 2157 Eros
458 2127 532 2157 Vict.
551 2139 557 2156 :
586 2128 651 2157 sors
668 2128 757 2158 codd.
845 2139 884 2167 23
910 2130 984 2158 mihi
1005 2140 1077 2159 cum
1096 2130 1165 2158 soro
1187 2127 1297 2167 EM'2s,
1317 2128 1373 2158 sed

80 2171 116 2210 ‘f
135 2182 185 2202 xv.
207 2181 233 2201 1.
255 2180 268 2200 1
356 2180 395 2208 24
419 2171 526 2199 animo
546 2180 652 2208 aequo
672 2173 695 2201 Σ
713 2170 793 2200 Crat.
813 2182 819 2201 ε
847 2182 950 2209 aequo
967 2173 1075 2202 animo
1093 2177 1119 2201 Δ
1215 2181 1254 2208 25
1277 2181 1295 2200 a
1317 2181 1368 2200 mc

80 2214 232 2243 homines
255 2216 302 2243 Σε
328 2212 478 2242 homines
497 2223 516 2242 a
531 2222 583 2241 me
601 2216 628 2242 Δ
755 2214 797 2242 26
821 2218 855 2242 ut
876 2215 1002 2244 Romae
1024 2216 1084 2244 sim
1108 2224 1214 2252 neque
1235 2214 1311 2242 mihi
1334 2218 1369 2242 ut

80 2255 182 2286 absim
209 2255 392 2285 concedere
418 2254 439 2284 I
468 2253 550 2285 Crat.
578 2252 718 2283 Lama:
755 2264 816 2285 orn.
848 2255 934 2287 codd.
993 2277 996 2281 -
1021 2261 1076 2286 aut
1103 2256 1281 2295 quatenus]
1313 2260 1369 2286 aut

80 2299 316 2337 quadamtenus
339 2296 479 2328 Lama:
516 2296 723 2334 aliquatenus
747 2296 935 2328 Andresen:
963 2298 1043 2336 sort.
1070 2303 1101 2329 at
1131 2299 1369 2336 quadamtenus

81 2350 119 2380 27
144 2341 226 2371 scito
243 2340 333 2380 esse]
358 2341 426 2370 scio
446 2339 491 2369 ita
507 2348 580 2369 esse
598 2338 744 2369 Sclmndt

1225 2394 1283 2423 27*
