1590 2730
83 501 99 531 5

62 894 100 916 10

60 1263 95 1293 15

56 1579 94 1600 20

52 1895 88 1926 25

49 2209 89 2239 30

516 134 625 170 EPP.
657 135 733 170 AD
762 129 1015 174 ATTICVM
1296 141 1411 177 XIII.
1434 141 1526 177 xliv

120 238 304 287 quiddam
334 239 448 277 etiam
467 240 638 277 animum
667 241 780 278 levari
806 255 892 279 cum
923 245 1159 291 spectatione
1185 253 1265 283 tum
1291 247 1404 284 etiam

120 301 308 350 religionis
346 302 528 351 opinione
569 311 606 340 et
643 305 752 341 sama.
773 299 781 304 ’
824 306 977 342 Cottam
1016 307 1068 343 mi
1105 308 1217 345 velim
1256 310 1406 357 mitta53
1424 317 1448 352 3

121 363 308 402 Libonem
331 378 480 402 mecum
502 366 627 403 habeo
647 374 684 403 et
704 367 911 404 habueram
931 376 1020 406 ante
1041 371 1212 408 Cascam.
1267 375 1406 411 Brutus

120 426 213 463 mihi
232 429 276 464 T.
296 427 419 477 Ligari
440 428 563 466 verbis
584 429 781 475 nuntiavit,
800 432 904 478 quod
924 434 1133 480 appelletur
1154 436 1195 471 L.
1214 436 1407 474 Corfidius

119 489 158 526 in
181 490 352 528 oratione
381 491 591 540 Ligariana,
613 500 777 529 erratum
801 506 884 530 esse
913 507 1052 532 meum.
1110 498 1196 542 Sed,
1219 504 1260 534 ut
1287 498 1404 545 aiunt,

117 555 336 602 μνημονικὸν
367 556 569 603 ἁμάρτημα.
627 555 802 593 Sciebam
839 557 1051 595 Corfidium
1082 561 1406 607 pernecessarium

118 616 353 666 Ligariorum
369 633 378 664 3
405 620 472 655 sed
488 632 576 656 eum
596 618 709 656 video
728 626 817 656 ante
837 632 919 657 esse
940 629 1142 659 mortuum.
1203 625 1262 660 Da
1282 624 1402 672 igitur,

118 693 272 729 quaeso,
296 681 490 730 negotium
515 681 712 728 Pharnaci,
735 684 897 729 Antaeo,
920 684 1046 721 Salvio
1066 693 1107 722 ut
1133 685 1172 723 id
1192 700 1334 725 nomen
1361 702 1405 725 ex

118 743 296 781 omnibus
317 744 420 781 libris
441 746 602 782 tollatur.

160 884 278 919 XLV
379 887 445 920 Ser.
465 889 497 919 in
519 888 699 919 Tusculano
714 890 750 919 iii
762 889 809 920 Id.
829 889 913 921 Sext.
933 901 962 920 a.
982 902 1039 932 709
1058 892 1133 931 (45).

516 974 683 1005 CICERO
704 975 879 1005 ATTICO
901 975 1003 1007 SAL.

169 1060 255 1098 Fuit
274 1063 377 1110 apud
401 1074 462 1098 me
489 1061 621 1098 Lamia
646 1069 732 1110 post
758 1062 968 1099 discessum
989 1071 1096 1101 tuum
1124 1065 1402 1114 epistulamque
1422 1077 1438 1104 1

115 1125 163 1161 ad
197 1137 258 1161 me
290 1125 414 1161 attulit
448 1124 600 1161 missam
635 1124 706 1161 sibi
736 1138 758 1162 a
789 1126 961 1163 Caesare.
1020 1128 1130 1174 Quae
1168 1141 1401 1177 quamquam

113 1194 202 1224 ante
222 1188 310 1224 data
330 1195 407 1224 erat
427 1200 543 1235 quam
563 1187 648 1224 illae
670 1187 938 1235 Diocharinae,
957 1197 1086 1227 tamen
1107 1193 1219 1239 plane
1239 1193 1403 1230 declara-

114 1250 179 1287 bat
209 1250 314 1287 illum
351 1258 439 1287 ante
476 1252 586 1287 ludos
626 1252 824 1288 Romanos
861 1265 943 1289 esse
976 1262 1188 1292 venturum.
1246 1257 1293 1292 In
1327 1269 1402 1304 qua

113 1321 279 1350 extrema
299 1313 479 1361 scriptum
500 1321 578 1350 erat
598 1321 639 1350 ut
658 1315 706 1350 ad
727 1315 838 1351 ludos
865 1314 994 1352 omnia
1013 1324 1159 1364 pararet
1185 1331 1280 1355 neve
1301 1331 1400 1355 com-

113 1376 277 1413 mitteret
296 1383 337 1413 ut
357 1377 491 1413 frustra
514 1376 594 1424 ipse
623 1385 871 1425 properasset.
930 1380 1086 1416 Prorsus
1113 1393 1158 1417 ex
1184 1380 1241 1417 his
1268 1381 1399 1419 litteris

112 1452 190 1476 non
216 1439 414 1477 videbatur
443 1452 525 1476 esse
553 1439 714 1476 dubium
742 1440 834 1488 quin
862 1449 950 1478 ante
979 1455 1063 1478 eam
1090 1442 1193 1480 diem
1220 1451 1399 1481 venturus

111 1494 220 1548 esset,
255 1502 424 1550 itemque
462 1502 585 1539 Balbo
623 1515 710 1540 cum
744 1516 827 1540 eam
862 1504 1062 1553 epistulam
1100 1506 1251 1555 legisset
1281 1507 1397 1545 videri

113 1565 245 1602 Lamia
273 1565 434 1602 dicebat.

164 1629 256 1667 Dies
285 1629 460 1666 feriarum
487 1628 579 1666 mihi
603 1629 755 1667 additos
778 1629 891 1667 video
920 1633 987 1668 sed
1017 1645 1130 1680 quam
1159 1636 1298 1671 multos
1325 1637 1393 1682 fac,

110 1693 140 1730 si
160 1707 221 1730 me
249 1706 364 1739 amas,
387 1693 514 1730 sciam.
576 1694 635 1730 De
663 1693 807 1730 Baebio
833 1695 973 1742 poteris
1001 1703 1036 1732 et
1057 1697 1105 1733 de
1131 1698 1249 1734 altero
1270 1698 1395 1735 vicino

110 1756 283 1805 Egnatio.

161 1821 278 1868 Quod
300 1833 360 1857 me
389 1819 548 1857 hortaris
568 1827 609 1857 ut
635 1833 700 1857 eos
721 1820 802 1857 dies
832 1833 1057 1858 consumam
1084 1822 1122 1859 in
1151 1823 1394 1873 philosophia
1412 1834 1435 1860 2

108 1883 342 1931 explicanda,
357 1890 570 1920 currentem
590 1890 631 1919 tu
652 1883 808 1931 quidem
825 1898 833 1928 ς
860 1885 926 1920 sed
943 1898 1031 1921 cum
1054 1886 1255 1924 Dolabella
1270 1888 1394 1925 viven-

107 1947 200 1983 dum
224 1959 305 1983 esse
325 1945 404 1983 istis
428 1945 562 1983 diebus
583 1945 699 1983 vides.
759 1947 876 1993 Quod
896 1946 968 1983 nisi
995 1961 1056 1985 me
1075 1949 1259 1998 Torquati
1280 1963 1393 1988 causa

107 2016 261 2055 teneret,
277 2009 364 2046 satis
381 2016 459 2046 erat
479 2008 626 2046 dierum
643 2016 683 2045 ut
701 2011 879 2046 Puteolos
897 2022 1090 2048 excurrere
1114 2024 1266 2060 possem
1287 2021 1323 2050 et
1342 2016 1391 2051 ad

106 2080 255 2122 tempus
276 2073 406 2111 redire.
465 2073 598 2110 Lamia
623 2073 779 2121 quidem
800 2087 822 2110 a
843 2074 974 2120 Balbo,
997 2082 1038 2112 ut
1058 2075 1268 2124 videbatur,
1288 2077 1391 2115 audi-
1409 2087 1432 2123 3

106 2144 208 2173 verat
227 2138 366 2173 multos
390 2149 569 2174 nummos
599 2136 704 2174 domi
724 2150 806 2174 esse
832 2145 1050 2175 numeratos
1077 2152 1173 2187 quos
1202 2148 1391 2188 oporteret

106 2212 221 2248 quam
247 2199 411 2248 primum
437 2199 568 2245 dividi,
593 2213 773 2248 magnum
801 2201 952 2248 pondus
979 2202 1145 2250 argenti:
1174 2203 1390 2241 auctionem

150 2310 187 2337 19
211 2300 362 2338 idemque
385 2299 456 2329 Vicl.
599 2310 638 2328 22
664 2300 767 2329 Bebio
786 2300 972 2331 ORPAnt.
994 2302 1044 2332 F:
1068 2303 1164 2332 babio
1181 2308 1207 2332 Δ
1350 2314 1392 2342 3ο

104 2342 230 2380 argenti
248 2347 380 2380 praeter
397 2343 528 2380 praedia
543 2353 548 2371 :
588 2343 772 2372 auctionem
791 2344 895 2381 primo
913 2343 1097 2383 Malaspina

1247 2399 1308 2428 31*
