1590 2730
81 142 148 178 XI.
172 141 247 177 xiv
532 142 586 178 M.
617 141 779 177 TVLLI
810 141 1105 179 CICERONIS

189 250 354 298 quidem,
387 257 426 286 ut
460 249 619 294 solebas,
652 248 837 286 consolari
868 248 1070 297 faterisque
1102 248 1141 286 id
1174 249 1253 286 fieri
1283 247 1357 285 iam
1390 261 1468 286 non

190 326 309 361 posse.
369 314 450 350 Nec
477 312 578 349 enim
608 325 652 349 ea
679 320 767 348 sunt
792 324 889 360 quae
918 319 1023 349 erant
1048 319 1159 348 antea
1185 324 1282 357 cum,
1309 319 1350 348 ut
1375 311 1468 348 nihil

188 376 302 422 aliud,
325 376 482 413 comites
507 390 567 413 me
587 383 623 413 et
644 375 766 412 socios
793 376 932 412 habere
952 375 1144 423 putabam.
1202 376 1347 412 Omnes
1368 374 1469 412 enim

189 439 345 477 Achaici
385 441 647 488 deprecatores
690 438 857 486 itemque
894 438 931 474 in
966 437 1056 475 Asia
1093 437 1231 486 quibus
1274 451 1352 475 non
1392 445 1470 475 erat

190 504 371 552 ignotum,
395 503 507 540 etiam
528 503 666 551 quibus
691 509 778 547 erat,
801 502 838 538 in
860 501 1026 538 Africam
1048 501 1227 538 dicuntur
1249 501 1467 550 navigaturi.
1490 514 1513 544 5v

191 568 249 603 Ita
277 574 423 615 praeter
452 566 623 603 Laelium
653 565 844 603 neminem
880 566 1004 602 habeo
1037 566 1171 612 culpae
1204 565 1374 607 socium;
1407 564 1471 613 qui

190 637 316 666 tamen
351 630 423 666 hoc
459 629 612 666 meliore
645 629 683 665 in
716 641 829 665 causa
866 636 921 665 est
956 629 1060 675 quod
1093 627 1167 664 iam
1201 635 1256 664 est
1287 635 1469 676 receptus.

148 701 171 727 2
193 694 251 730 De
278 705 338 729 me
366 700 493 730 autem
523 705 600 729 non
627 691 762 729 dubito
790 690 881 739 quin
905 692 954 727 ad
983 690 1145 727 Balbum
1174 698 1209 727 et
1233 691 1282 727 ad
1303 690 1472 738 Oppium

190 754 376 803 scripserit
392 770 399 801 ;
422 769 444 792 a
461 755 608 803 quibus,
625 754 654 791 si
672 753 764 802 quid
781 760 878 790 esset
894 752 1037 798 laetius,
1053 752 1188 789 certior
1203 754 1322 789 factus
1338 766 1471 798 essem,

190 826 315 855 tecum
337 818 449 855 etiam
470 825 595 855 essent
616 816 742 854 locuti.
802 815 1042 864 Quibuscum
1063 823 1103 852 tu
1123 816 1171 852 de
1192 817 1264 852 hoc
1286 815 1368 864 ipso
1387 829 1474 852 con-
1495 827 1531 848 10

191 883 345 929 loquare
364 880 475 918 velim
503 888 539 917 et
562 881 611 917 ad
640 893 700 916 me
727 879 819 928 quid
847 878 914 915 tibi
938 878 1202 927 responderint
1223 878 1373 924 scribas,
1396 892 1473 916 non

191 945 295 992 quod
321 944 370 980 ab
396 943 468 980 isto
494 944 593 980 salus
621 944 709 979 data
731 942 935 990 quicquam
961 942 1133 978 habitura
1154 942 1199 978 sit
1220 941 1471 987 firmitudinis,

192 1008 258 1044 sed
279 1014 406 1043 tamen
425 1005 569 1054 aliquid
591 1004 738 1043 consuli
759 1012 796 1042 et
816 1004 978 1053 prospici
999 1005 1145 1053 poterit.
1202 1005 1281 1041 Etsi
1302 1005 1474 1042 omnium

192 1077 440 1118 conspectum
467 1071 612 1115 horreo,
637 1068 854 1117 praesertim
882 1069 955 1105 hoc
981 1082 1129 1117 genero,
1154 1077 1279 1106 tamen
1304 1068 1342 1105 in
1363 1068 1475 1106 tantis

151 1143 173 1178 3
193 1133 300 1170 malis
323 1133 417 1181 quid
442 1132 545 1170 aliud
565 1132 677 1170 velim
705 1145 782 1170 non
810 1131 964 1180 reperio.
1024 1132 1189 1180 Quintus
1216 1132 1345 1182 pergit,
1367 1140 1407 1170 ut
1427 1134 1476 1170 ad
1497 1141 1532 1174 15

194 1210 254 1234 me
280 1204 316 1234 et
338 1199 460 1234 Pansa
489 1196 635 1245 scripsit
662 1203 698 1233 et
724 1195 882 1240 Hirtius,
909 1195 1015 1243 isque
1045 1195 1134 1232 item
1156 1196 1322 1233 Africam
1350 1203 1476 1244 petere

193 1273 279 1297 cum
312 1259 445 1297 ceteris
476 1259 622 1297 dicitur.
681 1260 743 1296 Ad
772 1258 985 1295 Minucium
1006 1260 1215 1297 Tarentum
1247 1259 1408 1297 scribam
1440 1267 1476 1296 et

194 1331 276 1360 tuas
314 1323 454 1361 litteras
493 1322 664 1368 mittam3
710 1323 759 1359 ad
793 1329 829 1359 te
867 1321 1027 1359 scribam
1067 1336 1159 1359 num
1198 1323 1290 1371 quid
1324 1322 1473 1371 egerim.

196 1388 264 1424 Hs
288 1390 373 1423 §H
398 1386 566 1435 potuisse
591 1387 750 1431 mirarer,
774 1386 845 1423 nisi
867 1389 983 1424 multa
1004 1389 1052 1425 de
1074 1386 1280 1424 Fufidianis
1301 1385 1473 1434 praediis.

194 1454 214 1489 ·Ι·
228 1458 264 1488 et
290 1450 453 1488 advideo
480 1458 607 1488 tamen
634 1455 870 1499 exspectot:
900 1464 1014 1499 quem
1041 1451 1178 1497 videre,
1201 1450 1230 1487 si
1257 1451 1334 1487 ullo
1360 1450 1477 1486 modo
1499 1461 1535 1483 20

194 1521 318 1561 potest
340 1513 477 1561 (poscit
502 1513 603 1550 enim
628 1513 712 1561 res),
736 1513 926 1561 perveiim.
988 1516 1067 1551 Iam
1095 1521 1303 1551 extremum
1328 1513 1477 1550 conclu-

195 1576 318 1621 ditur;
348 1576 427 1615 †ibi
450 1576 557 1614 facile
579 1584 644 1622 est,
660 1577 764 1625 quod
781 1578 892 1625 quale
913 1577 959 1613 sit
977 1576 1038 1613 hic
1058 1576 1204 1625 gravius
1225 1575 1435 1613 existimare
1446 1583 1474 1612 r.

198 1641 300 1677 Vale.

237 1774 319 1809 XV
473 1779 539 1809 Ser.
559 1780 809 1821 Bmtndt'sipa·1'd.
830 1782 877 1812 Id.
899 1782 975 1812 Mai.
996 1793 1025 1812 (ι,
1046 1792 1102 1820 707
1120 1781 1152 1821 (4
1161 1782 1201 1819 71.

601 1856 770 1886 CICERO
795 1857 959 1886 ATTICO
985 1857 1079 1886 SAL.
1500 1855 1536 1884 25

162 1938 178 1963 1
250 1929 441 1976 Quoniam
464 1931 579 1969 iustas
601 1946 732 1970 causas
752 1934 876 1970 adfers
897 1946 992 1981 quor
1013 1940 1048 1970 te
1069 1934 1142 1969 hoc
1163 1940 1333 1980 tempore
1352 1930 1478 1968 videre

199 2006 273 2029 11011
304 1993 458 2041 possim.
483 2009 637 2043 quaeso.
665 1998 779 2044 cogita
806 1996 898 2044 quid
927 1996 973 2033 sit
1002 1995 1095 2033 mihi
1124 1995 1351 2032 faciendum.
1410 1995 1478 2030 Ille

242 2105 278 2124 12
302 2097 388 2133 quod
414 2097 486 2126 M'2:
520 2109 584 2127 om.
609 2097 683 2128 M':
718 2108 783 2135 quo
810 2098 920 2127 Eaz‘tcr
1045 2107 1085 2127 20
1107 2098 1165 2126 sed
1193 2097 1288 2127 avide
1314 2102 1423 2126 tamen
1447 2100 1479 2125 te

197 2142 354 2176 exspecto
380 2140 454 2170 coni.
479 2139 659 2179 HQ‘scnbm‘g
785 2150 820 2169 21
849 2141 953 2178 poscit
977 2139 1149 2170 Graevius:
1182 2144 1256 2178 post
1280 2138 1334 2169 M:
1370 2142 1479 2176 potest

198 2174 241 2208 Zb
257 2191 263 2209 :
286 2185 335 2209 est
354 2181 471 2211 Rosius
584 2193 624 2211 22
648 2182 687 2211 ibi
706 2181 764 2212 tibi
781 2182 874 2212 facile
891 2187 941 2212 est
954 2180 1129 2219 <iudicium
1144 2180 1272 2222 facere)
1285 2182 1371 2219 quod
1384 2181 1480 2219 quale

198 2222 239 2251 sit
251 2222 302 2252 hic
316 2224 447 2261 gravius
461 2229 509 2254 cst
522 2225 708 2254 existimare
720 2225 767 2254 vel
775 2224 963 2262 sinu‘leqm'd
975 2223 1156 2261 Wcscnbmg
1170 2235 1175 2252 ι
1191 2224 1270 2261 sorl.
1284 2223 1370 2260 quod
1384 2222 1479 2260 quale

198 2265 238 2293 sit
256 2265 298 2294 ibi
317 2266 407 2295 facile
425 2271 485 2299 est.
504 2267 554 2296 hic
571 2267 701 2304 gravius
718 2267 903 2296 existimare
1004 2267 1090 2304 quod
1108 2265 1161 2295 M:
1186 2266 1263 2304 quid
1280 2261 1322 2295 Zb
1427 2265 1479 2294 hic

198 2309 328 2345 gravius
346 2308 391 2337 C:
415 2308 521 2345 gravis
539 2309 594 2338 M:
618 2319 717 2347 grave
734 2314 783 2339 est
799 2309 820 2338 I
951 2310 991 2337 26
1015 2318 1097 2345 quor
1114 2307 1247 2337 Vrsinus
1264 2306 1372 2347 (sedis
1386 2307 1456 2339 cur)
1473 2316 1480 2334 τ

198 2350 274 2387 quid
293 2349 349 2379 M:
376 2351 461 2387 quod
478 2350 544 2380 edd.
718 2362 755 2389 27
782 2350 887 2389 cogita
904 2350 976 2380 add.
997 2349 1116 2380 Mz'iller
1130 2350 1193 2380 coll.
1212 2350 1254 2380 ix.
1277 2359 1321 2387 17.
1341 2359 1359 2379 2
1376 2360 1382 2379 :
1399 2348 1478 2387 sort.

197 2401 329 2430 quaere,
349 2401 469 2429 quaeso
