1590 2730
63 148 131 184 XI.
155 148 214 183 vii
522 152 576 188 M.
607 152 770 188 TVLLI
801 153 1097 191 CICERONIS

167 264 292 293 essent
316 258 450 305 palam.
521 258 567 294 Id
597 257 668 294 sibi
699 271 777 294 non
809 259 957 306 placere
990 271 1038 294 ne
1071 257 1135 306 qui
1168 264 1293 295 motus
1323 271 1368 295 ex
1400 270 1447 295 eo

166 319 297 356 fierent
314 335 323 366 3
353 319 620 368 prohiberique
641 320 764 356 omnis
786 320 895 357 Italia
921 320 991 357 nisi
1012 333 1174 368 quorum
1194 319 1274 368 ipse
1294 333 1447 357 causam

165 382 426 430 cognovisset:
455 384 580 430 deque
605 396 651 420 eo
677 383 939 420 vehementius
963 390 1040 420 erat
1061 382 1253 431 scriptum.
1312 384 1447 430 Itaque

164 445 355 482 Antonius
393 446 545 494 petebat
577 459 600 482 a
633 459 693 482 me
732 459 797 494 per
834 445 974 482 litteras
1007 453 1048 482 ut
1080 445 1151 482 sibi
1185 445 1448 493 ignoscerem3

164 509 285 545 facere
311 522 350 545 se
378 521 454 544 non
481 521 592 556 posse
613 508 705 556 quin
732 508 776 544 iis
803 508 933 545 litteris
954 515 1108 557 pareret.
1167 510 1269 544 Tum
1288 509 1338 545 ad
1359 520 1446 545 eum
1466 521 1482 551 5

164 570 248 608 misi
278 573 319 607 L.
343 571 514 608 Lamiam
535 570 599 619 qui
626 572 902 609 demonstraret
925 571 1031 608 illum
1057 572 1280 608 Dolabellae
1309 570 1447 608 dixisse

163 641 203 670 ut
232 635 281 671 ad
311 647 371 671 me
397 634 576 671 scriberet
606 642 646 671 ut
673 634 711 671 in
742 634 891 671 Italiam
921 647 1035 683 quam
1065 634 1228 683 primum
1255 633 1422 671 venirem
1438 647 1447 679 3

162 697 241 734 eius
263 711 323 734 me
343 697 472 735 litteris
493 698 650 735 venisse.
709 700 810 735 Tum
830 697 892 735 ille
912 697 1027 735 edixit
1047 697 1098 735 ita
1117 705 1158 734 ut
1177 711 1238 734 me
1258 697 1446 746 exciperet

161 768 197 797 et
229 760 399 798 Laelium
430 761 665 799 nominatim.
727 762 844 809 Quod
865 774 955 798 sane
975 763 1116 799 nollem
1131 776 1140 808 3
1168 768 1314 810 poterat
1343 760 1445 798 enim

162 823 242 861 sine
263 824 418 861 nomine
438 838 495 862 res
515 824 596 873 ipsa
616 825 747 874 excipi.
1466 837 1504 860 10

120 893 144 928 3
215 888 249 924 O
283 888 419 924 multas
453 894 489 924 et
521 887 640 936 gravis
679 888 932 925 offensiones!
975 901 1068 936 quas
1106 887 1262 936 quidem
1300 894 1340 924 tu
1378 887 1445 925 das

161 962 315 998 operam
344 957 384 987 ut
413 950 542 996 lenias,
574 964 643 988 nec
672 958 800 988 tamen
830 951 921 987 nihil
952 950 1112 999 proficis,
1144 950 1236 999 quin
1265 952 1338 988 hoc
1362 950 1445 999 ipso

161 1012 299 1050 minuis
319 1014 490 1051 dolorem
512 1027 650 1059 meum,
674 1015 778 1062 quod
803 1021 842 1050 ut
867 1013 1014 1051 minuas
1039 1021 1115 1050 tam
1136 1015 1246 1051 valde
1273 1014 1444 1059 laboras,

160 1075 275 1124 idque
304 1076 415 1114 velim
446 1091 493 1114 ne
521 1091 672 1125 gravere
699 1091 814 1126 quam
840 1077 1059 1126 saepissime
1083 1078 1215 1115 facere.
1276 1077 1444 1114 Maxime

159 1146 285 1176 autem
306 1141 515 1189 adsequere
536 1141 718 1189 quodvis,
737 1141 767 1178 si
788 1155 848 1178 me
868 1141 1068 1179 adduxeris
1090 1148 1129 1178 ut
1151 1141 1362 1178 existimem
1384 1153 1443 1177 me
1466 1152 1502 1182 15

160 1201 347 1239 bonorum
378 1203 561 1241 iudicium
593 1217 670 1241 non
704 1204 873 1241 funditus
904 1204 1124 1253 perdidisse.
1198 1206 1442 1252 Quamquam

158 1265 251 1313 quid
272 1273 311 1302 tu
332 1265 369 1302 in
390 1280 436 1303 eo
457 1268 594 1314 potes?
649 1267 754 1304 Nihil
774 1267 926 1305 scilicet.
986 1268 1061 1305 Sed
1085 1266 1115 1304 si
1145 1267 1237 1316 quid
1259 1280 1316 1304 res
1337 1266 1443 1304 dabit

158 1328 224 1365 tibi
247 1329 444 1375 facultatis,
467 1330 505 1368 id
536 1344 595 1367 me
620 1330 782 1368 maxime
808 1331 995 1369 consolari
1015 1331 1177 1380 poterit,
1207 1332 1311 1380 quod
1341 1344 1442 1368 nunc

157 1391 313 1439 quidem
334 1392 445 1430 video
466 1406 543 1430 non
564 1407 645 1431 esse
666 1395 744 1440 sed,
766 1393 796 1431 si
816 1394 919 1443 quid,
942 1408 987 1432 ex
1007 1394 1161 1440 eventis,
1185 1402 1225 1431 ut
1247 1395 1319 1431 hoc
1340 1407 1442 1431 nunc

155 1454 304 1492 accidit.
365 1456 529 1493 Dicebar
557 1457 735 1495 debuisse
765 1471 852 1494 cum
884 1457 1069 1507 Pompeio
1099 1457 1298 1506 proficisci.
1358 1457 1442 1494 Exi·
1463 1468 1501 1490 20

157 1524 215 1554 tus
249 1517 346 1555 illius
380 1518 515 1556 minuit
549 1519 628 1557 eius
662 1520 761 1558 offici
801 1520 1051 1569 praetermissi
1094 1517 1438 1569 reprehensionem.

156 1582 231 1618 Sed
258 1595 302 1618 ex
328 1582 507 1620 omnibus
534 1582 626 1619 nihil
651 1583 768 1631 magis
796 1591 923 1621 tamen
952 1584 1187 1622 desideratur
1204 1597 1316 1631 quam
1337 1583 1442 1631 quod

156 1643 194 1680 in
224 1643 392 1681 Africam
423 1658 501 1682 non
532 1645 647 1682 ierim.
708 1646 857 1684 Iudicio
892 1648 965 1684 hoc
1000 1661 1083 1684 sum
1115 1660 1215 1693 usus,
1251 1660 1329 1684 non
1360 1659 1442 1683 esse

157 1707 322 1745 barbaris
355 1708 500 1745 auxiliis
531 1709 792 1747 fallacissimae
823 1710 945 1759 gentis
977 1724 1055 1748 rem
1089 1710 1281 1759 publicam
1315 1710 1443 1746 defen-

156 1771 335 1816 dendam,
357 1772 575 1820 praesertim
596 1780 727 1810 contra
749 1773 954 1811 exercitum
977 1787 1088 1822 saepe
1109 1773 1300 1811 victorem.
1350 1773 1441 1809 Non
1462 1780 1498 1811 25

156 1834 318 1882 probant
347 1836 527 1881 fortasse,
557 1838 696 1874 multos
728 1837 829 1875 enim
850 1837 948 1875 viros
976 1838 1098 1875 bonos
1122 1837 1160 1873 in
1187 1836 1354 1873 Africam
1383 1849 1442 1872 ve-

157 1897 256 1936 nisse
283 1898 398 1935 audio
427 1906 463 1936 et
494 1899 573 1937 scio
604 1900 718 1937 fuisse
747 1908 868 1938 antea.
927 1901 1049 1937 Valde
1079 1901 1152 1937 hoc
1181 1901 1266 1937 loco
1295 1911 1437 1947 urgeor.

159 1962 234 1999 Hic
254 1976 407 2011 quoque
424 1976 519 2011 opus
540 1972 595 2001 est
616 1978 716 2009 casu,
735 1970 778 2001 nt
794 1963 910 2012 aliqui
931 1964 1004 2001 sint
1024 1978 1068 2001 ex
1088 1963 1140 2000 eis·
1160 1970 1237 2009 aut,
1253 1962 1282 1999 si
1303 1969 1438 2011 potest,

155 2040 289 2063 omnes
323 2026 387 2075 qui
426 2029 586 2065 salutem
625 2035 870 2076 anteponant.
934 2029 1034 2064 Nam
1069 2026 1098 2064 si
1132 2033 1370 2075 perseverant
1403 2032 1440 2061 et

155 2088 340 2135 obtinent,
363 2090 455 2138 quid
482 2090 593 2128 nobis
620 2092 785 2128 futurum
810 2090 856 2127 sit
876 2090 991 2128 vides.
1050 2089 1175 2134 Dices,
1200 2092 1208 2108 ‘
1225 2088 1328 2136 Quid
1355 2087 1437 2134 illis,
1458 2097 1497 2128 30

156 2152 186 2189 si
206 2152 292 2190 victi
314 2161 421 2190 erunt
437 2155 472 2190 P’
522 2153 732 2190 Honestior
752 2160 807 2190 est
827 2154 946 2202 plaga.
1000 2154 1110 2190 Haec
1131 2165 1191 2189 me
1211 2150 1436 2188 excruciant.

200 2263 239 2282 22
263 2253 381 2291 magis]
404 2254 509 2282 malim
528 2253 580 2282 M¹
668 2263 764 2291 quam
781 2252 852 2283 add.
873 2256 939 2283 vett.
1053 2253 1094 2282 28
1117 2256 1151 2282 ut
1167 2250 1240 2282 add.
1257 2251 1284 2280 L
1302 2250 1438 2291 (marg.)

157 2298 228 2326 ante
243 2296 309 2325 sint
326 2295 397 2325 add.
415 2296 440 2325 si
458 2296 576 2331 Baiter,
595 2299 666 2326 ante
681 2295 779 2334 aliqui
795 2295 915 2325 Sclzc‘ilz
