1690 2710
202 147 286 184 XV.
308 157 338 182 x
652 148 707 184 M.
737 147 900 184 TVLLI
929 147 1225 185 CICERONIS

295 254 477 291 molestus
506 252 584 291 sit?
611 255 724 291 ludos
750 266 841 291 vero
867 266 947 292 non
974 255 1124 291 facere!
1153 253 1246 302 quid
1274 253 1454 292 foedius?
1486 254 1578 292 ·fru-

295 324 467 354 mentum
495 315 717 365 imponere!
747 330 844 366 quae
870 323 926 353 est
951 316 1024 354 alia
1051 316 1188 354 Dionis
1215 315 1352 364 legatio
1380 323 1446 354 aut
1473 317 1578 366 quod

297 393 435 417 munus
465 379 502 416 in
532 393 570 416 re
598 379 752 428 publica
779 379 997 417 sordidius?
1049 380 1204 417 Prorsus
1236 379 1393 428 quidem
1422 380 1579 417 consilia

297 442 361 479 tali
381 442 419 479 in
445 456 483 480 re
510 457 558 480 ne
578 442 622 479 iis
647 442 803 491 quidem
828 449 909 480 tuta
933 450 1021 480 sunt
1042 442 1107 491 qui
1127 444 1244 489 dant3
1274 443 1342 480 sed
1370 442 1513 490 possim
1539 441 1579 479 id

296 507 493 554 neglegere
527 505 751 555 proficien53
790 507 924 543 frustra
955 519 1044 544 vero
1078 505 1144 554 qui
1171 505 1389 554 ingrediar?
1445 504 1578 542 Matris
1599 517 1616 548 5

296 569 456 607 consilio
472 583 559 606 curn
574 577 698 606 utatur
711 570 770 606 vel
790 569 904 606 etiam
919 569 1105 618 precibus,
1124 569 1217 617 quid
1231 582 1292 606 me
1308 568 1547 617 interponam
1563 569 1580 605 ?

297 633 374 670 Sed
395 640 520 669 tamen
537 632 714 681 cogitabo
741 645 818 681 quo
843 646 980 681 genere
1000 640 1082 669 utar
1101 632 1308 670 litterarum
1323 645 1333 678 3
1362 644 1450 668 nam
1471 630 1578 669 silere

297 709 375 733 non
392 709 558 745 possum.
608 695 743 733 Statim
763 695 874 744 igitur
893 695 1040 733 mittam
1060 696 1119 733 vel
1138 695 1298 733 Antium
1318 695 1377 733 vel
1398 693 1575 733 Circeios.

336 801 401 835 XI
539 805 607 836 Ser.
628 805 659 835 in
677 804 808 834 Antiati
820 815 849 835 α.
867 803 898 836 d.
921 805 954 834 vi
966 804 1013 834 Id.
1033 804 1106 835 Iun.
1126 815 1154 835 a.
1176 814 1231 843 710
1248 803 1333 846 (44).

689 878 855 910 CICERO
884 878 1059 909 ATTICO
1088 878 1190 910 SAL.
1603 888 1638 911 10

260 959 277 986 1
347 949 507 987 Antium
546 948 632 987 veni
667 963 699 987 a.
739 950 775 987 d.
816 961 855 987 Vl
894 950 998 987 Idus.
1070 952 1188 987 Bruto
1225 948 1414 988 iucundus
1450 958 1578 988 noster

295 1013 492 1051 adventus.
551 1012 703 1051 Deinde
742 1012 869 1050 multis
905 1012 1164 1060 audientibus,
1197 1013 1360 1059 Servilia,
1396 1015 1575 1060 Tertulla,

297 1076 439 1122 Porcia,
475 1090 654 1126 quaerere
692 1076 785 1126 quid
822 1077 996 1126 placeret.
1054 1077 1198 1114 Aderat
1231 1076 1344 1113 etiam
1376 1077 1574 1114 Favonius.

297 1142 379 1188 Ego
400 1142 505 1189 quod
521 1155 623 1178 eram
639 1141 844 1178 meditatus
863 1140 901 1177 in
922 1139 982 1177 via
1000 1141 1159 1178 suadere
1175 1147 1215 1177 ut
1231 1147 1396 1177 uteretur
1411 1139 1579 1178 Asiatica

296 1203 491 1241 curatione
520 1204 697 1241 frumenti
712 1218 722 1251 3
754 1203 847 1241 nihil
876 1216 958 1241 esse
984 1203 1058 1240 iam
1087 1202 1221 1252 reliqui
1249 1204 1353 1252 quod
1382 1216 1578 1252 ageremus
1602 1216 1636 1248 ¹5

296 1266 367 1304 nisi
388 1274 429 1304 ut
449 1268 573 1304 salvus
593 1275 691 1304 esset
708 1281 717 1314 3
745 1266 784 1304 in
810 1280 856 1304 eo
882 1266 997 1304 etiam
1017 1265 1088 1315 ipsi
1108 1265 1160 1304 rei
1179 1266 1354 1314 publicae
1375 1279 1457 1304 esse
1477 1280 1579 1315 prae-

296 1329 446 1368 sidium.
505 1332 632 1378 Quam
665 1330 876 1367 orationem
909 1343 997 1367 cum
1030 1329 1218 1378 ingressus
1256 1342 1387 1375 essem,
1425 1330 1579 1368 Cassius

297 1393 506 1431 intervenit.
564 1395 647 1442 Ego
684 1394 819 1431 eadem
856 1393 919 1431 illa
955 1393 1121 1441 repetivi.
1179 1394 1269 1431 Hoc
1302 1394 1387 1431 loco
1420 1393 1579 1431 fortibus

297 1472 387 1495 sane
416 1457 535 1495 oculis
562 1457 716 1496 Cassius
737 1457 920 1506 (Martem
940 1456 1078 1505 spirare
1098 1456 1259 1506 diceres)
1281 1470 1320 1494 se
1343 1456 1382 1494 in
1412 1457 1578 1495 Siciliam

296 1534 374 1559 non
403 1521 552 1559 iturum.
613 1522 768 1570 ‘Egone
796 1527 837 1558 ut
865 1519 1094 1557 beneficium
1123 1519 1356 1569 accepissem
1385 1528 1579 1559 contume-
1601 1535 1638 1556 20

296 1584 436 1621 liam?'
491 1583 623 1632 ‘Quid
654 1597 741 1633 ergo
770 1582 900 1632 agis?’
928 1583 1094 1632 inquam.
1154 1585 1205 1621 At
1233 1582 1295 1621 ille
1325 1583 1363 1621 in
1393 1583 1578 1622 Achaiam

296 1661 335 1685 se
360 1647 508 1685 iturum.
569 1647 696 1695 ‘Quid
717 1647 777 1683 tu’
801 1646 955 1695 inquam
980 1647 1164 1683 ‘Brute?'
1224 1649 1436 1693 ‘Romam‚'
1457 1647 1579 1697 inquit

299 1710 349 1748 ‘si
370 1710 438 1748 tibi
458 1710 628 1748 videtur.'
686 1713 693 1730 ‘
711 1709 809 1747 Mihi
829 1723 917 1746 vero
939 1709 1118 1757 minime3
1147 1717 1229 1748 tuto
1253 1710 1354 1748 enim
1379 1724 1458 1748 non
1485 1710 1579 1748 eris.’

300 1773 458 1822 ‘Quid?
490 1774 519 1811 si
548 1786 700 1822 possem
730 1785 821 1818 esse,
853 1773 1117 1821 placeretne?’
1175 1775 1323 1822 ‘Atque
1352 1781 1392 1811 ut
1421 1773 1579 1811 omnino

297 1851 423 1886 neque
455 1850 557 1874 nunc
591 1850 715 1886 neque
753 1850 797 1874 ex
830 1843 1002 1885 praetura
1034 1836 1073 1873 in
1106 1836 1339 1886 provinciam
1376 1837 1471 1884 ires3
1513 1837 1580 1874 sed
1601 1849 1638 1881 25

296 1909 428 1938 auctor
447 1914 524 1937 non
551 1913 634 1937 sum
660 1907 700 1937 ut
724 1908 759 1937 te
787 1899 869 1937 urbi
896 1900 1135 1937 committas.'
1194 1900 1380 1938 Dicebam
1410 1914 1455 1938 ea
1482 1913 1580 1949 quae

297 1964 365 2002 tibi
386 1965 555 2013 profecto
576 1964 613 2000 in
635 1970 802 2001 mentem
823 1963 979 2001 veniunt
1005 1977 1071 2002 cur
1091 1978 1168 2002 non
1189 1971 1287 2002 esset
1315 1971 1396 2001 tuto
1421 1965 1576 2001 futurus.

257 2038 280 2065 2
299 2029 425 2065 Multo
452 2027 541 2064 inde
567 2040 742 2064 sermone
769 2027 1023 2076 querebantur
1048 2035 1162 2076 atque
1188 2026 1228 2064 id
1249 2016 1404 2076 quidem
1427 2025 1579 2065 Cassius

299 2090 470 2135 maxime,
498 2090 655 2127 amissas
684 2090 904 2128 occasiones
935 2090 1217 2139 Decimumque
1245 2089 1403 2139 graviter
1431 2102 1580 2133 accusa-

299 2155 400 2191 bant.
445 2155 527 2202 Ego
548 2154 734 2202 negabam
755 2161 928 2201 oportere
948 2153 1157 2202 praeterita,
1179 2152 1420 2191 adsentiebar
1440 2160 1577 2190 tamen.
1600 2163 1638 2194 30

341 2265 358 2291 5
382 2255 459 2292 quin
478 2251 513 2283 Z‘
655 2265 671 2292 7
697 2265 772 2284 nam
789 2255 886 2284 silere
903 2254 949 2284 C:
974 2265 1038 2285 om.
1056 2254 1096 2284 M
1235 2265 1268 2285 11
1296 2254 1372 2284 Idus
1382 2253 1513 2285 Stroth:
1537 2254 1579 2284 K.

298 2297 345 2325 vel
362 2296 433 2326 Kal.
450 2296 534 2327 codd.
645 2307 685 2327 20
709 2296 876 2335 accepisse
892 2297 925 2326 in
944 2297 1171 2326 contumeliam
1184 2290 1225 2325 Zb
1332 2307 1371 2334 24
1392 2300 1462 2335 post
1476 2296 1581 2335 place·

298 2342 391 2368 retne
409 2338 480 2369 add.
501 2339 645 2378 placeret
666 2339 848 2378 Wesenberg
945 2350 986 2378 29
1009 2339 1203 2370 accusabant
1217 2333 1269 2369 ΖΜ
1287 2349 1315 2369 v.
1333 2350 1354 2368 c.
1372 2339 1400 2368 L
1419 2338 1556 2378 (marg.)
1571 2348 1579 2368 :

297 2381 469 2411 accusabat
486 2380 569 2411 codd.
