1590 2730
95 136 163 171 XI.
187 136 292 170 xxiv
554 137 608 173 M.
634 137 797 173 TVLLI
827 136 1123 175 CICERONIS

200 244 397 280 ferendum
421 250 485 280 aut
508 244 606 280 adeo
631 256 691 279 me
711 244 750 280 in
771 242 878 280 malis
898 256 980 281 esse
999 245 1223 293 despectum
1242 252 1294 291 ut,
1316 244 1429 282 etiam
1450 244 1480 282 si

199 306 291 354 quid
319 307 446 352 habet,
468 306 507 344 id
536 306 607 342 nisi
635 305 814 343 omnibus
843 306 919 343 suis
946 307 1107 355 negotiis
1135 307 1318 345 confectis
1342 309 1392 345 ad
1419 321 1480 346 me

199 370 332 406 referre
361 383 439 406 non
469 377 582 406 curet.
642 371 698 406 Ex
727 382 805 417 quo
832 382 1013 417 magnum
1039 370 1218 418 equidem
1244 370 1354 419 capio
1377 371 1481 408 dolo-

199 445 277 469 rem
303 433 371 469 sed
397 445 474 468 non
503 439 651 469 tantum
678 439 863 480 quantum
883 432 1014 469 videor
1039 433 1188 470 debere.
1247 433 1353 470 Nihil
1378 433 1480 472 enim

200 508 284 532 mea
310 494 434 532 minus
458 494 638 532 interesse
665 502 758 543 puto
785 508 898 542 quam
925 495 1018 542 quid
1046 495 1149 533 illinc
1177 497 1375 533 adferatur.
1434 497 1480 533 Id
1500 509 1516 540 5

199 571 313 606 quam
334 558 384 594 ob
404 571 483 594 rem
504 566 540 594 te
560 557 776 605 intellegere
796 565 899 594 certo
919 557 1008 594 scio.

156 631 180 667 5
252 622 368 668 Quod
403 634 464 658 me
498 634 631 658 mones
662 622 710 657 de
741 622 845 657 vultu
879 628 916 657 et
949 620 1119 659 oratione
1155 623 1205 659 ad
1242 629 1391 671 tempus
1423 634 1483 659 ac-

198 685 492 730 commodanda,
523 683 592 721 etsi
625 683 776 720 difficile
809 691 874 728 est,
907 691 1034 721 tamen
1063 684 1286 733 imperarem
1317 684 1420 730 mihi,
1451 684 1481 721 si

199 760 282 784 mea
319 746 524 795 quicquam
556 746 736 783 interesse
774 753 956 794 putarem.
1026 748 1143 793 Quod
1181 747 1312 784 scribis
1349 747 1480 785 litteris

198 818 328 858 putare
352 809 574 846 Africanum
603 809 798 857 negotium
827 809 964 845 confici
990 822 1112 858 posse,
1138 811 1273 846 vellem
1300 809 1480 847 scriberes
1502 827 1539 848 10

198 886 263 910 cur
282 873 332 910 ita
351 881 502 921 putares
518 887 527 918 3
556 872 648 909 mihi
668 872 824 920 quidem
851 872 944 908 nihil
964 872 1001 908 in
1029 879 1196 908 mentem
1216 872 1318 909 venit
1345 885 1420 920 qua
1442 885 1481 909 re

198 937 236 974 id
265 944 395 985 putem
425 936 503 973 fieri
532 948 654 984 posse.
712 937 772 972 Tu
802 942 929 971 tamen
950 934 1074 979 velim,
1100 934 1130 971 si
1159 934 1252 982 quid
1280 934 1348 971 erit
1377 936 1481 982 quod

197 999 468 1037 consolationis
487 999 632 1047 aliquid
647 998 796 1043 habeat,
812 997 952 1034 scribas
967 998 1016 1034 ad
1032 1010 1093 1034 me
1109 1011 1117 1043 3
1143 997 1210 1041 sin,
1227 1004 1267 1033 ut
1282 997 1478 1045 perspicio,

197 1063 290 1099 nihil
324 1063 402 1108 erit,
438 1062 578 1099 scribas
612 1062 650 1098 id
685 1061 819 1109 ipsum.
879 1063 960 1108 Ego
985 1061 1034 1097 ad
1064 1068 1109 1105 te,
1141 1059 1171 1096 si
1200 1059 1292 1108 quid
1325 1059 1481 1097 audiero

197 1126 316 1171 citius,
340 1125 513 1163 scribam.
571 1127 676 1162 Vale.
735 1136 805 1160 V111
829 1125 921 1161 Idus
942 1123 1067 1160 Sextil.
1503 1136 1537 1168 15

242 1254 365 1289 XXV
479 1256 544 1287 Ser.
562 1238 720 1287 Brundisi
734 1258 768 1287 iii
780 1257 862 1289 Non.
880 1258 989 1297 Quint.
1008 1269 1037 1289 a.
1056 1269 1112 1298 707
1128 1260 1208 1299 (47).

596 1350 764 1380 CICERO
796 1351 961 1381 ATTICO
995 1351 1088 1382 SAL.

165 1448 181 1474 1
252 1436 376 1474 Facile
413 1437 605 1474 adsentior
643 1436 714 1474 tuis
759 1437 889 1475 litteris
933 1438 1072 1486 quibus
1113 1438 1271 1487 exponis
1311 1439 1482 1488 pluribus

197 1500 320 1537 verbis
348 1502 494 1537 nullum
523 1502 711 1537 consistere
739 1500 939 1537 consilium
968 1515 1045 1549 quo
1072 1514 1094 1538 a
1121 1509 1156 1539 te
1183 1501 1324 1550 possim
1351 1502 1479 1541 iuvari.

198 1563 420 1600 Consolatio
440 1571 540 1600 certe
560 1565 662 1600 nulla
677 1571 733 1600 est
753 1576 850 1611 quae
870 1566 993 1601 levare
1014 1565 1131 1613 possit
1151 1567 1322 1603 dolorem
1339 1579 1476 1604 meum.
1501 1582 1537 1602 20

197 1627 301 1664 Nihil
331 1635 386 1664 est
415 1627 517 1664 enim
547 1634 784 1664 contractum
814 1640 903 1664 casu
926 1628 1030 1676 (nam
1061 1628 1099 1665 id
1126 1636 1223 1665 esset
1250 1630 1477 1677 ferendum),

195 1691 262 1727 sed
293 1690 422 1727 omnia
459 1689 616 1727 fecimus
654 1689 698 1726 iis
735 1689 921 1727 erroribus
960 1698 996 1727 et
1028 1690 1184 1727 miseriis
1216 1699 1252 1728 et
1289 1692 1405 1728 animi
1442 1700 1478 1729 et

194 1753 361 1802 corporis
381 1753 519 1802 quibus
539 1753 698 1801 proximi
720 1753 863 1790 utinam
885 1753 1027 1791 mederi
1052 1754 1293 1791 maluissent!
1350 1756 1476 1802 Quam

194 1817 244 1853 ob
282 1830 359 1853 rem
397 1816 578 1864 quoniam
617 1830 741 1865 neque
779 1816 911 1853 consili
950 1816 1002 1853 tui
1045 1830 1169 1865 neque
1206 1817 1476 1854 consolationis

193 1879 417 1928 cuiusquam
448 1892 533 1928 spes
564 1880 639 1916 ulla
673 1879 765 1916 mihi
796 1879 1016 1925 ostenditur,
1050 1892 1127 1916 non
1165 1893 1343 1928 quaeram
1382 1881 1474 1917 haec
1495 1894 1532 1923 25

192 1956 213 1979 a
243 1951 278 1980 te
307 1944 465 1991 posthac
482 1957 489 1988 ;
518 1951 665 1980 tantum
693 1943 803 1980 velim
835 1956 881 1980 ne
910 1943 1144 1988 intermittas,
1168 1943 1307 1980 scribas
1336 1944 1384 1980 ad
1414 1957 1474 1981 me

193 2006 375 2054 quicquid
396 2006 519 2043 veniet
541 2006 607 2043 tibi
628 2006 665 2042 in
688 2013 854 2043 mentem
871 2019 957 2042 cum
979 2006 1137 2043 habebis
1157 2005 1217 2043 cui
1238 2007 1304 2043 des
1325 2013 1361 2043 et
1381 2007 1473 2043 dum

192 2069 259 2106 erit
279 2071 327 2106 ad
348 2083 461 2117 quem
483 2071 573 2114 des:
604 2071 707 2118 quod
729 2071 883 2116 longum
906 2082 982 2106 non
1004 2069 1082 2106 erit.

238 2180 248 2198 1
275 2175 330 2200 aut
346 2171 428 2200 adeo
447 2181 497 2200 me
516 2171 546 2199 in
567 2170 658 2199 malis
675 2193 681 2200 .
697 2193 703 2200 .
719 2194 725 2200 .
743 2174 777 2199 ut
795 2194 800 2199 .
817 2174 949 2199 ..curet
968 2169 1117 2208 Madm'g:
1140 2175 1175 2200 ut
1187 2180 1225 2200 eo
1237 2180 1288 2200 me
1298 2170 1403 2208 magis
1419 2193 1425 2200 .
1443 2194 1468 2201 ..

191 2217 225 2241 ut
244 2236 249 2242 .
266 2236 272 2243 .
289 2237 294 2242 .
312 2217 401 2241 curet
419 2212 474 2241 M:
508 2217 539 2242 et
557 2223 595 2242 eo
613 2222 662 2242 me
681 2213 782 2250 magis
800 2235 806 2242 .
822 2235 828 2241 .
846 2235 852 2241 .
868 2216 925 2241 aut
942 2235 948 2242 .
964 2235 970 2242 .
985 2235 991 2241 .
1009 2216 1098 2242 curat
1114 2213 1198 2251 vulg.
1257 2215 1262 2221 '
1335 2214 1356 2241 6
1380 2217 1471 2242 certo

192 2255 237 2284 Os
251 2266 257 2284 :
281 2260 368 2284 certe
385 2254 514 2284 RPML
535 2257 543 2281 (
551 2256 671 2293 marg&
780 2264 818 2283 10
841 2259 873 2283 te
886 2258 957 2293 post
974 2259 1086 2291 putare
1104 2254 1218 2284 addere
1232 2254 1300 2284 vult
1317 2254 1471 2284 Graevius

194 2308 231 2334 19
254 2298 432 2326 consistere
449 2296 522 2326 add.
544 2297 735 2326 Lehmann:
760 2307 833 2326 esse
850 2296 920 2326 add.
943 2295 1125 2336 Il'esenhetg
1268 2306 1308 2333 25
1330 2307 1468 2334 usquam

191 2339 326 2379 Madvig
