1590 2730
508 141 615 177 EPP.
648 142 723 177 AD
754 142 1005 179 ATTICVM
1311 145 1403 181 XII.
1422 144 1544 180 xxxii

164 250 276 286 Haec
305 249 355 286 ad
385 255 421 286 te
455 261 540 286 mea
570 261 696 285 manu.
755 249 865 295 Vide,
895 262 1049 298 quaeso,
1081 251 1174 299 quid
1207 253 1398 300 agendum

110 311 167 349 sit.
224 310 387 348 Publilia
414 312 464 348 ad
493 324 554 348 me
582 310 730 360 scripsit
759 319 917 349 matrem
946 326 1062 357 suam,
1092 318 1203 351 *tcum
1235 315 1398 353 Publilio
1419 318 1525 357 (xxxii

109 376 360 423 loqueretur†,
393 376 442 412 ad
475 387 536 411 me
567 387 655 411 cum
688 374 752 411 illo
783 382 980 413 venturam
1014 383 1050 413 et
1081 389 1121 414 se
1152 390 1238 422 una,
1269 378 1298 415 si
1327 392 1398 427 ego
1420 360 1449 399 Ι)

110 445 265 487 paterer.
323 438 416 475 Orat
444 437 572 474 multis
600 444 637 474 et
666 437 901 486 supplicibus
929 439 1052 476 verbis
1081 447 1121 476 ut
1149 440 1259 477 liceat
1289 449 1325 478 et
1359 449 1398 479 ut

75 500 183 545 5sibi
215 500 429 538 rescribam.
488 502 566 537 Res
603 513 719 548 quam
757 502 917 538 molesta
955 502 1000 538 sit
1032 502 1147 539 vides.
1206 504 1398 552 Rescripsi

110 564 163 601 mi
182 563 296 601 etiam
316 563 463 613 gravius
479 576 562 601 esse
582 576 697 611 quam
714 570 795 600 tum
812 576 899 600 cum
920 563 972 600 illi
993 564 1171 602 dixissem
1193 578 1253 603 me
1273 568 1397 603 solum

109 639 192 664 esse
211 628 306 663 velle
320 640 329 672 3
358 638 434 674 qua
453 638 491 663 re
511 627 612 663 nolle
634 638 694 662 me
715 627 789 663 hoc
810 634 981 674 tempore
1003 639 1087 664 eam
1107 628 1156 664 ad
1178 641 1238 665 me
1258 629 1394 667 venire.

111 690 298 727 Putabam
324 689 355 726 si
380 688 474 725 nihil
500 688 774 737 rescripsissem
805 689 907 726 illam
928 702 1016 726 cum
1038 697 1156 727 matre
1176 698 1371 728 venturam
1387 707 1397 738 ;

111 765 213 789 nunc
246 765 323 789 non
354 758 459 800 puto.
527 752 747 800 Apparebat
778 752 879 789 enim
914 751 994 789 illas
1028 752 1170 790 litteras
1204 766 1281 790 non
1315 768 1397 793 esse

55 831 94 854 10
110 815 237 864 ipsius.
296 816 397 852 Illud
419 822 548 852 autern
573 816 678 863 quod
704 817 783 853 fore
802 815 915 852 video
944 815 1068 863 ipsum
1095 818 1182 852 volo
1208 817 1323 855 vitare
1349 832 1398 855 ne

109 879 194 916 illae
209 880 258 916 ad
274 892 335 916 me
350 877 514 924 veniant,
532 886 568 915 et
584 891 660 915 una
675 886 731 915 est
744 878 874 915 vitatio
890 885 929 915 ut
946 891 1016 927 ego
1036 881 1184 916 avolem.
1230 881 1394 926 Nollem,

107 944 175 980 sed
204 955 360 979 necesse
388 949 454 979 est.
512 943 569 979 Te
598 943 672 979 hoc
696 956 798 979 nunc
825 955 916 990 rogo
942 950 983 979 ut
1009 944 1179 991 explores
1205 945 1254 980 ad
1281 957 1396 992 quam

106 1005 209 1043 diem
230 1006 292 1042 hic
312 1005 363 1043 ita
382 1005 525 1054 possim
547 1018 629 1043 esse
650 1012 691 1043 ut
712 1019 760 1043 ne
788 1005 990 1054 opprimar.
1049 1008 1164 1054 Ages,
1184 1014 1225 1044 ut
1249 1007 1394 1054 scribis,

106 1075 324 1116 temperate.

52 1144 87 1174 15
159 1130 335 1170 Ciceroni
373 1130 485 1168 velim
524 1132 598 1168 hoc
635 1143 835 1180 proponas,
877 1131 928 1168 ita
964 1139 1104 1178 tamen,
1144 1131 1173 1168 si
1212 1132 1279 1169 tibi
1318 1145 1438 1172 non2

105 1194 279 1243 iniquum
299 1194 498 1240 videbitur,
520 1202 561 1231 ut
587 1202 761 1242 sumptus
781 1194 893 1231 huius
913 1195 1224 1243 peregrinationis
1244 1196 1393 1244 quibus,

106 1258 136 1295 si
167 1260 316 1295 Rornae
345 1265 443 1295 esset
473 1259 711 1306 domumque
738 1259 983 1303 conduceret,
1012 1260 1117 1306 quod
1147 1260 1269 1296 facere
1299 1259 1396 1308 cogi-

84 1322 220 1367 tabat,
252 1321 360 1358 facile
398 1328 601 1358 contentus
631 1322 777 1358 futurus
806 1328 896 1367 erat,
925 1323 1193 1358 accommodet
1223 1323 1272 1358 ad
1303 1336 1396 1360 mer-

105 1385 219 1422 cedes
239 1384 395 1433 Argileti
417 1391 453 1421 et
474 1384 666 1429 Aventini,
681 1392 719 1421 et
742 1397 829 1420 curn
851 1384 883 1421 ei
905 1384 1159 1432 proposueris,
1181 1385 1261 1433 ipse
1281 1386 1393 1423 velim

49 1462 86 1484 20
105 1448 249 1497 reliqua
297 1449 493 1485 moderere
540 1461 654 1496 quem
698 1449 747 1485 ad
791 1449 949 1485 modum
988 1461 1032 1485 ex
1070 1448 1113 1485 iis
1152 1449 1393 1486 mercedibus

104 1512 393 1560 suppeditemus
425 1512 458 1549 ei
492 1512 597 1559 quod
629 1524 725 1559 opus
756 1510 812 1548 sit.
872 1512 1079 1548 Praestabo
1108 1525 1178 1548 nec
1211 1512 1391 1550 Bibulum

104 1587 175 1611 nec
204 1574 412 1612 Acidinum
437 1588 508 1612 nec
537 1575 770 1619 Messallam,
791 1587 887 1622 quos
907 1573 1069 1611 Athenis
1094 1575 1239 1612 futuros
1262 1575 1389 1622 audio,

104 1636 264 1674 maiores
296 1644 469 1686 sumptus
503 1638 667 1674 facturos
705 1649 819 1684 quam
854 1638 960 1684 quod
990 1649 1034 1674 ex
1067 1637 1120 1674 eis
1152 1638 1392 1676 mercedibus

104 1700 313 1749 recipietur.
385 1702 521 1749 Itaque
549 1701 661 1738 velim
691 1699 820 1737 videas
850 1699 1013 1748 primum
1047 1702 1301 1738 conductores
1327 1701 1392 1750 qui

47 1777 83 1808 25
104 1763 178 1800 sint
204 1770 240 1801 et
267 1764 411 1812 quanti,
432 1764 572 1801 deinde
599 1771 639 1800 ut
663 1763 737 1801 sint
764 1763 827 1812 qui
855 1764 903 1800 ad
930 1763 1032 1800 diem
1061 1765 1208 1801 solvant
1235 1772 1270 1801 et
1297 1764 1391 1812 quid

103 1826 237 1873 viatici,
269 1827 361 1876 quid
391 1826 629 1864 instrumenti
660 1827 749 1864 satis
778 1826 834 1863 sit.
894 1827 1074 1863 Iumento
1101 1834 1201 1864 certe
1231 1828 1389 1865 Athenis

147 1937 159 1957 1
188 1927 295 1968 Haec]
324 1928 372 1958 ln'c
396 1928 502 1967 incipit
524 1933 568 1967 ep.
596 1939 636 1966 32
664 1927 755 1967 apud
775 1938 838 1957 uon
863 1928 968 1957 nullos
991 1928 1141 1957 cdisorcs:
1171 1932 1244 1957 certe
1266 1939 1338 1958 cum
1361 1938 1391 1959 re

101 1970 255 2000 Publiliae
286 1970 542 2009 com'tmgendum
569 1975 612 2000 est
751 1981 769 2000 2
792 1980 882 2000 suam
909 1980 980 2000 cum
1015 1971 1047 1999 P.
1078 1971 1244 2000 videretur
1271 1970 1389 2001 Klotz:

102 2022 194 2042 suam
220 2018 254 2042 ut
280 2023 352 2042 cum
380 2013 414 2043 P.
444 2014 598 2051 loquerer
623 2012 789 2043 Sclnm‘dt:
824 2013 931 2052 (quasi
962 2023 1033 2042 cum
1062 2013 1096 2042 P.
1127 2013 1330 2050 loqueretur>
1356 2014 1389 2043 in

96 2056 277 2094 parenthesi
287 2055 388 2085 Boot:
411 2066 494 2093 quae
511 2065 583 2085 curn
598 2056 633 2085 P.
646 2055 835 2093 loqueretur
851 2055 933 2084 Reid
1017 2065 1045 2093 9,
1065 2065 1100 2084 10
1122 2065 1196 2084 esse
1209 2055 1309 2093 ipsius
1322 2066 1349 2085 v.
1364 2066 1385 2086 c.

101 2095 273 2136 L(mczrg.3
292 2092 333 2125 ΖΙ)
349 2109 355 2128 :
378 2098 480 2135 ipsius
497 2108 571 2127 esse
591 2098 641 2127 O:
665 2097 750 2128 illius
768 2107 839 2127 esse
857 2097 896 2126 M
982 2107 1014 2126 11
1042 2098 1085 2126 illi
1104 2097 1225 2135 Tyrrell
1307 2098 1386 2137 una]

102 2139 210 2169 ieiuna
241 2139 388 2169 Schmidt
572 2139 700 2170 avolem
736 2140 799 2177 (vel
832 2139 910 2179 alio)
951 2139 1024 2169 add.
1052 2139 1213 2179 Madvig:
1262 2144 1296 2169 ut
1327 2150 1389 2178 ego

102 2181 212 2212 nolim.
252 2182 319 2211 Sed
339 2182 498 2212 Corradus
601 2183 702 2212 16-18
724 2182 844 2220 quibus
860 2206 866 2212 .
888 2206 894 2212 .
914 2205 920 2211 .
940 2186 1011 2211 erat
1036 2182 1230 2219 transposuit
1254 2181 1391 2221 Madvig

67 2259 74 2265 ¹
101 2227 138 2253 ut
158 2228 334 2262 sequantur
345 2224 502 2254 Aventini
528 2224 560 2262 (l.
591 2225 645 2263 19)
873 2234 912 2262 25
936 2225 1001 2254 sint
1019 2248 1025 2254 .
1045 2247 1051 2254 .
1072 2247 1078 2254 .
1098 2224 1227 2254 solvant
1244 2224 1360 2255 Lamb.
1380 2235 1387 2255 ε

100 2265 142 2295 sit
158 2289 165 2296 .
186 2289 192 2296 .
214 2289 219 2296 .
237 2266 340 2296 solvat
357 2266 444 2298 codd.
