1690 2710
133 120 217 155 XV.
240 119 313 154 xiii
621 122 674 156 M.
705 121 866 157 TVLLI
898 121 1193 158 CICERONIS

262 228 440 264 humana.
500 229 559 265 De
588 228 707 265 Bruto
726 234 763 264 te
783 227 876 264 nihil
896 227 991 265 scire
1010 227 1115 273 dicis,
1139 228 1206 265 sed
1226 227 1381 265 Servilia
1398 226 1547 265 venisse

265 291 319 327 M.
342 290 536 338 Scaptium
558 295 746 338 †eumque
776 304 854 328 non
883 304 958 339 qua
986 296 1153 340 pompa†
1172 292 1222 328 ad
1242 305 1282 328 se
1301 298 1430 328 tamen
1449 291 1547 327 clam

263 360 465 390 venturum
499 352 757 401 sciturumque
788 367 849 391 me
879 354 1032 400 omnia;
1069 367 1167 403 quae
1196 367 1267 403 ego
1294 353 1430 391 statim.
1488 355 1548 390 In-

265 422 366 453 terea
404 423 526 453 narrat
564 417 698 453 eadem
738 416 845 454 Bassi
886 430 1035 454 servum
1072 417 1221 454 venisse
1258 415 1323 465 qui
1360 416 1550 454 nuntiaret

265 479 432 527 legiones
462 479 737 516 Alexandrinas
767 479 805 516 in
833 479 946 516 armis
976 493 1068 525 esse,
1093 482 1253 517 Bassum
1281 479 1429 524 arcessi,
1461 480 1550 518 Cas-
1568 493 1585 523 5

266 541 363 579 sium
401 542 619 591 exspectari.
678 542 783 590 Quid
815 542 993 591 quaeris?
1034 542 1183 580 videtur
1216 555 1273 580 res
1307 541 1462 590 publica
1492 541 1549 578 ius

265 618 376 643 suum
406 606 667 654 reciperatura.
725 607 801 644 Sed
821 619 868 643 ne
888 606 981 655 quid
1001 614 1099 644 ante.
1158 605 1270 644 Nosti
1296 607 1433 643 horum
1451 617 1551 643 exer-

265 668 485 706 citationem
507 669 544 706 in
565 668 763 706 latrocinio
784 677 821 707 et
840 669 1059 707 amentiam.

224 739 248 777 5
321 732 522 769 Dolabella
558 732 612 769 vir
654 732 832 782 optimus,
873 732 953 778 etsi,
993 746 1081 770 cum
1125 732 1339 770 scribebam
1381 732 1551 770 secunda

267 807 398 832 mensa
426 794 609 843 apposita,
632 794 780 832 venisse
800 808 888 832 eum
913 796 962 832 ad
987 795 1098 832 Baias
1117 795 1332 840 audiebam,
1354 801 1482 832 tamen
1500 794 1550 831 ad
1572 809 1610 832 10

268 869 329 894 me
358 870 402 894 ex
432 856 636 895 Formiano
661 856 817 906 scripsit,
844 870 938 906 quas
965 857 1105 895 litteras
1134 871 1222 895 cum
1243 871 1263 895 e
1282 857 1435 895 balineo
1460 856 1552 894 exis-

268 932 347 958 sem
385 919 527 969 accepi,
563 933 644 958 sese
683 921 731 957 de
768 920 1015 958 attributione
1052 920 1183 958 omnia
1221 934 1369 958 summa
1407 919 1549 958 secisse.

267 983 490 1021 Vettienum
520 990 673 1020 accusat
698 983 866 1032 (tricatur
897 984 1039 1021 scilicet
1070 991 1110 1021 ut
1144 983 1371 1033 monetalis),
1405 984 1472 1021 sed
1502 982 1552 1020 ait

268 1053 390 1084 totum
412 1047 606 1095 negotium
628 1046 791 1084 Sestium
816 1055 987 1084 nostrum
1012 1047 1233 1096 suscepisse,
1257 1047 1445 1096 optimum
1474 1046 1553 1096 qui-

268 1111 355 1148 dem
377 1110 483 1147 illum
509 1109 629 1147 virum
658 1109 854 1159 nostrique
879 1110 1194 1148 amantissimum.
1252 1111 1405 1158 Quaero
1423 1117 1551 1147 autem
1574 1125 1611 1157 15

268 1173 361 1222 quid
399 1174 554 1211 tandem
590 1173 733 1211 Sestius
771 1173 809 1210 in
847 1174 918 1211 hac
955 1187 993 1211 re
1031 1175 1153 1211 facere
1186 1173 1304 1222 possit
1337 1173 1442 1221 quod
1475 1185 1553 1209 non

268 1237 390 1286 quivis
424 1244 606 1275 nostrum.
665 1238 740 1275 Sed
772 1237 802 1274 si
827 1237 920 1286 quid
947 1245 1094 1286 praeter
1124 1251 1231 1286 spem
1261 1237 1340 1283 erit,
1368 1236 1483 1275 facies
1513 1243 1554 1274 ut

268 1300 408 1348 sciam3
455 1300 512 1338 sin
550 1308 616 1347 est,
657 1308 697 1338 ut
733 1301 901 1347 arbitror,
939 1300 1134 1350 negotium
1172 1300 1372 1349 perditum,
1413 1299 1554 1337 scribes

268 1371 396 1402 tamen
418 1377 541 1413 neque
562 1364 632 1402 ista
652 1377 709 1402 res
729 1364 997 1402 commovebit.

223 1433 250 1470 6
322 1429 403 1465 NOS
429 1427 490 1464 hic
521 1431 799 1476 φιλοσοφοῧμεν
826 1427 935 1476 (quid
955 1427 1057 1464 enim
1077 1427 1180 1465 aliud
1196 1426 1225 1476 ?)
1251 1434 1288 1464 et
1314 1429 1359 1464 τὰ
1385 1428 1465 1475 περὶ
1490 1429 1554 1464 τοῦ
1575 1442 1614 1463 20

270 1492 484 1540 καθήκοντος
504 1491 703 1539 magnifice
725 1490 956 1539 explicamus
977 1494 1338 1539 προσφωιιοῦμενᾳυθ
1354 1489 1554 1536 Ciceroni3

269 1568 344 1604 qua
377 1555 425 1592 de
455 1568 494 1592 re
525 1553 626 1591 enim
657 1553 782 1602 potius
815 1561 920 1602 pater
952 1553 1060 1591 filio?
1128 1553 1279 1591 Deinde
1309 1553 1391 1590 alia.
1449 1551 1555 1601 Quid

269 1616 447 1666 quaeris?
483 1616 643 1654 exstabit
677 1630 791 1666 opera
823 1616 1134 1665 peregrinationis
1165 1616 1286 1653 huius.
1344 1618 1554 1653 Varronem

269 1680 385 1718 hodie
415 1687 479 1717 aut
512 1693 592 1717 cras
627 1687 827 1717 venturum
863 1681 1072 1728 putabant3
1110 1693 1180 1729 ego
1213 1687 1340 1717 autem
1374 1678 1412 1716 in
1445 1680 1556 1716 Pom-

270 1743 448 1793 peianum
486 1744 746 1792 properabam,
782 1757 860 1781 non
895 1757 972 1792 quo
1007 1745 1081 1782 hoc
1118 1745 1204 1781 loco
1235 1743 1439 1792 quiequam
1477 1743 1556 1790 pul·
1576 1755 1613 1786 25

271 1807 396 1845 chrius
416 1808 483 1844 sed
504 1807 802 1855 interpellatores
817 1807 893 1845 illic
909 1808 1035 1845 minus
1052 1807 1211 1845 molesti.
1258 1807 1334 1844 Sed
1354 1805 1553 1854 perscribe,

271 1884 426 1919 quaeso,
446 1883 544 1918 quae
564 1883 677 1907 causa
697 1870 743 1907 sit
767 1870 908 1919 Myrtili
930 1873 1089 1927 (poenas
1113 1870 1269 1919 quidem
1290 1869 1395 1907 illum
1416 1882 1553 1918 pepen-

272 1934 372 1972 disse
391 1933 535 1979 audivi)
558 1941 594 1972 et
615 1934 754 1972 satisne
776 1942 902 1984 pateat
922 1936 1024 1973 unde
1044 1942 1254 1983 corruptus.

318 2045 330 2064 1
358 2035 497 2066 Servilia
525 2036 707 2066 Corradus:
742 2036 862 2067 Selicia
887 2036 998 2066 codd:
1022 2036 1100 2074 fort.
1127 2035 1241 2065 Cilicia
1369 2044 1388 2064 2
1411 2043 1477 2064 non
1495 2044 1558 2072 qua

273 2078 407 2117 pompa]
434 2089 550 2117 magna
576 2089 694 2118 pompa
727 2079 778 2109 Fr.
815 2078 979 2109 Schmidt:
1019 2088 1083 2108 non
1112 2089 1175 2116 qua
1207 2087 1324 2116 pompa
1355 2077 1558 2106 adsuevisset

274 2119 468 2151 Lehmann:
501 2132 565 2150 non
592 2122 724 2160 antiqua
751 2132 871 2160 pompa
897 2120 980 2150 Reid
1103 2131 1123 2158 9
1144 2121 1216 2149 hinc
1242 2119 1344 2158 incipit
1370 2129 1487 2148 novam
1512 2123 1555 2157 ep.

274 2173 303 2193 a.
323 2162 351 2192 d.
371 2164 403 2192 vi
415 2163 490 2193 Kal.
508 2163 586 2194 Nov.
606 2175 635 2193 a.
658 2174 718 2201 710
737 2164 806 2201 (44)
825 2163 934 2193 datam
956 2162 1054 2192 Ruele
1168 2162 1318 2200 optimus,
1338 2161 1398 2191 etsi
1422 2160 1559 2190 Miiller:

274 2205 424 2243 optimus.
479 2206 544 2236 Sed
569 2207 595 2236 si
621 2205 680 2235 M:
719 2207 863 2243 optimus
890 2210 949 2236 est.
1006 2205 1075 2234 Etsi
1108 2204 1206 2234 Orelli
1383 2207 1455 2232 ante
1485 2213 1558 2232 cum

275 2246 346 2277 add.
367 2249 446 2277 haec
466 2249 551 2279 Crat.
665 2259 701 2286 13
725 2248 898 2278 monetalis
918 2247 1057 2277 Schntz:
1081 2247 1177 2276 homo
1198 2246 1322 2276 talisM
1407 2255 1445 2282 14
1469 2245 1558 2275 illum

275 2290 406 2327 quidem
423 2291 518 2321 Klots
650 2300 684 2328 17
708 2291 814 2329 quivis
831 2290 1014 2328 Malaspina
1032 2301 1037 2319 :
1060 2289 1132 2328 quis
1145 2289 1183 2318 M
1310 2298 1347 2326 19
1364 2291 1438 2327 post
1453 2297 1559 2325 neque

276 2331 348 2361 add.
376 2343 427 2362 me
460 2333 643 2372 Wesenberg
770 2343 808 2371 27
844 2332 969 2371 Myrtili
994 2330 1122 2361 Moser:
1147 2330 1280 2369 Myrtilo
1303 2329 1386 2360 codd.
1519 2330 1561 2359 28

277 2379 387 2412 pateat
405 2375 551 2405 Ernesti:
575 2380 665 2414 patet
681 2374 766 2405 codd.
785 2386 791 2404 :
815 2380 927 2413 pareat
945 2373 1052 2404 Moser
