1590 2730
65 144 179 180 XIII.
197 144 226 179 ii
243 143 268 181 b
537 146 590 181 M.
622 146 784 181 TVLLI
815 146 1110 183 CICERONIS

183 251 317 288 abesse
344 258 419 287 tam
450 251 526 288 diu.
577 251 711 288 Multis
737 251 859 289 verbis
888 251 1035 301 scripsit
1061 253 1110 289 ad
1140 264 1210 296 me,
1233 252 1347 288 credo
1375 250 1465 288 item

182 314 231 350 ad
264 320 310 350 te.
370 313 468 350 Mihi
499 313 655 361 quidem
684 313 832 351 videtur
860 314 973 351 etiam
1002 314 1143 351 diutius
1172 315 1351 351 afuturus.
1409 315 1466 350 Ac

184 377 349 422 nollem3
377 377 487 413 valde
507 376 609 413 enim
630 376 825 414 hominem
847 376 1033 414 desidero.

60 441 114 482 (111
134 442 163 479 Ι)
236 440 271 474 Α
305 445 340 475 te
373 438 514 475 litteras
552 439 830 487 exspectabam,
862 441 1035 477 nondum
1073 439 1239 485 scilicet3
1278 452 1367 476 nam
1399 440 1466 475 has

185 514 297 538 mane
317 500 582 538 rescribebam.

226 605 296 639 ῙῙῙ
465 608 531 639 Ser.
553 609 584 637 1'11
605 608 784 638 Tusculano
797 609 832 637 iii
844 608 883 639 K.
904 609 977 638 Iun.
997 619 1027 639 a.
1047 618 1104 648 709
1123 608 1200 647 (45).

578 683 742 713 CICERO
773 683 947 713 ATTICO
976 682 1079 714 SAL.

154 768 170 793 1
242 754 325 801 Ego
344 766 432 790 vero
456 752 526 790 ista
546 753 702 789 nomina
723 752 775 790 sic
796 753 919 801 probo
939 760 979 790 ut
999 753 1092 789 nihil
1111 752 1215 789 aliud
1236 765 1296 789 me
1318 759 1468 789 moveat

186 815 258 852 nisi
287 816 392 864 quod
419 823 459 853 tu
478 815 615 853 videris
645 815 828 853 dubitare.
888 817 989 853 Illud
1018 815 1119 853 enim
1149 829 1226 852 non
1254 814 1401 863 accipio
1429 813 1467 851 in

186 880 327 916 bonam
358 885 513 926 partem,
547 881 646 926 quod
674 880 723 915 ad
756 891 817 915 me
844 880 956 915 refers
972 893 980 924 3
1009 878 1073 927 qui
1104 878 1134 915 si
1162 878 1243 927 ipse
1272 877 1466 926 negotium

186 955 313 979 meum
333 955 512 990 gererem,
535 941 627 978 nihil
647 954 814 990 gererem
835 941 905 978 nisi
926 941 1086 979 consilio
1112 948 1188 978 tuo,
1245 942 1321 978 Sed
1340 948 1467 977 tamen

185 1005 362 1053 intellego
401 1005 518 1053 magis
551 1012 587 1041 te
618 1004 657 1041 id
690 1005 812 1041 facere
849 1004 1044 1052 diligentia
1074 1017 1149 1052 qua
1179 1017 1327 1052 semper
1355 1003 1468 1040 uteris

186 1081 300 1116 quam
330 1069 434 1116 quod
463 1068 614 1105 dubites
643 1069 691 1105 de
720 1067 939 1105 nominibus
969 1068 1058 1105 istis.
1117 1067 1269 1105 Etenim
1296 1066 1468 1105 Caelium

188 1144 266 1168 non
295 1132 444 1180 probaS‚
475 1133 583 1180 plura
611 1144 687 1168 non
709 1130 774 1168 vis.
831 1132 1046 1179 Vtrumque
1073 1132 1198 1168 laudo.
1258 1129 1331 1167 His
1360 1129 1470 1178 igitur

185 1195 370 1232 utendum
393 1198 590 1242 †espraes†
609 1194 816 1242 aliquando
837 1195 956 1231 factus
977 1201 1075 1231 esset
1095 1193 1133 1230 in
1159 1193 1217 1230 his
1237 1192 1393 1241 quidem
1420 1199 1470 1229 ta·
1513 1207 1523 1212 ·

185 1257 293 1295 bulis.
351 1259 386 1294 A
413 1270 473 1294 me
499 1256 609 1305 igitur
632 1257 770 1294 omnia.
830 1258 946 1304 Quod
973 1257 1054 1294 dies
1082 1256 1229 1305 longior
1253 1263 1309 1293 est
1330 1255 1470 1304 (tenea-

186 1333 270 1357 mus
291 1321 408 1357 modo
427 1321 532 1368 quod
547 1319 750 1368 volumus),
767 1327 860 1367 puto
880 1321 958 1356 fore
978 1319 1088 1356 istam
1108 1318 1221 1356 etiam
1240 1332 1263 1356 a
1282 1331 1469 1367 praecone

187 1383 300 1428 diem,
318 1390 418 1420 certe
438 1383 487 1419 ab
508 1381 722 1419 heredibus.

241 1447 300 1483 De
331 1445 467 1494 Crispo
500 1452 536 1482 et
569 1446 735 1481 Mustela
765 1444 921 1490 videbis,
955 1452 991 1481 et
1025 1444 1136 1481 velim
1168 1444 1262 1482 scire
1293 1457 1390 1493 quae
1423 1444 1469 1482 sit

146 1522 169 1547 2
187 1521 271 1557 pars
299 1509 473 1546 duorum.
533 1510 592 1544 De
613 1507 719 1544 Bruti
738 1508 905 1544 adventu
930 1520 1031 1544 eram
1057 1509 1177 1544 factus
1204 1507 1348 1544 certior.
1405 1509 1470 1544 At-

187 1574 321 1609 tulerat
351 1571 453 1608 enim
484 1571 532 1608 ab
563 1584 610 1608 eo
640 1573 813 1619 Aegypta
841 1570 996 1608 libertus
1028 1570 1178 1608 litteras.
1237 1570 1327 1607 Misi
1355 1571 1404 1607 ad
1433 1577 1470 1607 te

186 1634 397 1683 epistulam,
421 1634 510 1682 quia
530 1635 734 1671 commode
754 1633 892 1682 scripta
912 1641 999 1671 erat.

227 1737 291 1771 IV
482 1740 548 1769 Ser.
566 1740 598 1768 in
619 1739 797 1769 Tusculano
813 1739 854 1769 K.
872 1740 947 1770 Iun.
964 1751 992 1770 a.
1014 1750 1070 1779 709
1089 1740 1167 1780 (45).

573 1813 738 1844 CICERO
771 1814 946 1844 ATTICO
976 1814 1076 1845 SAL.

152 1895 168 1922 1
242 1885 382 1923 Habeo
415 1897 554 1922 munus
586 1897 608 1920 a
641 1891 677 1921 te
711 1884 947 1921 elaboratum
980 1886 1114 1922 decem
1152 1886 1386 1933 legatorum:
1433 1890 1470 1921 et
1510 1920 1518 1928 ,

186 1948 342 1997 quidem
379 1949 421 1984 de
463 1948 649 1984 Tuditano
686 1947 778 1983 idem
816 1954 919 1995 puto.
977 1949 1078 1984 Nam
1112 1947 1210 1984 filius
1246 1960 1348 1984 anno
1385 1954 1471 1996 post

229 2052 241 2071 1
267 2053 303 2073 se
315 2046 388 2082 post
402 2043 517 2072 abesse
536 2042 608 2072 add.
629 2041 758 2071 Ernesti
927 2052 965 2072 10
987 2044 1072 2081 quod
1089 2043 1162 2074 add.
1180 2043 1263 2073 Crat.
1367 2042 1422 2080 qui
1444 2042 1471 2071 si

186 2086 256 2124 ipse
276 2085 306 2115 Z
322 2096 348 2114 v.
366 2095 388 2115 c.
408 2084 435 2113 L
456 2085 592 2123 (marg.)
612 2084 694 2113 RP:
725 2083 834 2121 Quid?
865 2084 935 2122 ipse
960 2090 986 2114 Δ
1122 2095 1155 2114 11
1182 2085 1262 2114 nihil
1279 2094 1426 2122 gererem
1444 2084 1473 2114 Z

186 2138 215 2159 v.
233 2138 254 2158 c,
274 2127 300 2156 L
319 2128 456 2167 (mmg.)
473 2127 603 2157 ORPI:
628 2137 692 2156 om.
710 2131 737 2155 Δ
864 2136 899 2163 13
923 2126 1026 2165 quod]
1043 2136 1106 2165 quo
1123 2138 1150 2157 v.
1164 2138 1185 2156 c.
1201 2127 1312 2156 Baiter
1434 2136 1471 2164 15

187 2179 321 2208 espraes
338 2169 395 2198 M:
420 2174 478 2199 est.
498 2170 596 2199 Praes
614 2168 641 2198 C
715 2168 846 2206 quidem
859 2172 931 2206 post
946 2179 1043 2207 praes
1059 2168 1133 2199 add.
1147 2169 1174 2198 C
1188 2173 1223 2198 ut
1238 2168 1297 2199 vid.
1366 2167 1470 2207 esset]

186 2221 221 2241 es
240 2216 273 2241 et
296 2206 358 2241 ΕΖΓ
374 2223 381 2242 :
414 2221 504 2241 esses
527 2216 559 2240 et
580 2210 706 2240 Rosius.
764 2210 888 2240 Locum
912 2211 955 2241 ita
983 2212 1107 2250 refingit
1123 2210 1268 2241 Schmidt
1320 2210 1374 2240 An
1400 2210 1473 2248 quis

187 2263 282 2291 praes
298 2254 473 2291 aliquando
496 2254 600 2282 factus
617 2256 704 2282 esset
719 2252 752 2281 in
770 2252 820 2281 his
837 2254 969 2290 quidem
986 2253 1123 2284 tabulis?
1286 2254 1324 2282 16
1346 2252 1470 2291 omnia]

186 2301 295 2326 cetera
309 2295 454 2324 Schmidt
549 2304 590 2324 20
613 2293 767 2332 duorum]
786 2304 898 2324 eorum
915 2295 1059 2325 Ernesti:
1085 2296 1222 2325 duorum
1239 2295 1356 2324 horum
1375 2293 1476 2323 Orelli

186 2347 236 2376 25⁷
251 2339 291 2367 26
315 2342 347 2366 et
362 2337 493 2375 quidem
517 2337 557 2366 de
569 2336 730 2366 Tuditano
748 2336 833 2366 idem
851 2335 1021 2367 Lehmann
1036 2348 1041 2366 :
1070 2337 1222 2376 equidem
1246 2337 1333 2366 idem
1349 2334 1472 2365 Moser:

186 2384 282 2418 atque
299 2379 384 2408 idem
403 2378 501 2408 Orelli
