1590 2730
59 134 150 170 XII.
173 133 201 168 li
535 133 588 169 M.
619 133 781 168 TVLLI
812 131 1108 170 CICERONIS

220 257 279 292 LI
446 259 514 292 Scr.
532 261 564 289 ln
586 259 764 290 Tusculano
779 259 839 290 xiii
849 259 892 290 K.
909 260 984 290 Iun.
1002 270 1030 289 a.
1050 269 1107 299 709
1125 259 1202 300 (45).

571 345 738 375 CICERO
768 345 944 375 ATTICO
973 343 1076 375 SAL.

143 441 160 468 1
230 433 412 470 Tironem
433 433 558 470 habeo
578 432 688 469 citius
709 445 823 481 quarn
844 432 1009 469 verebar.
1050 430 1165 468 Venit
1185 430 1298 468 etiam
1319 429 1460 476 Nicias,

177 503 214 533 et
252 495 446 533 Valerium
485 495 600 532 hodie
637 495 841 532 audiebam
879 507 961 532 esse
998 500 1208 531 venturum.
1277 492 1461 540 Quamvis

178 559 286 596 multi
306 558 393 605 sint,
414 558 531 607 magis
551 566 678 596 tamen
699 571 762 595 ero
783 559 885 595 solus
905 570 1019 606 quam
1047 555 1077 593 si
1100 569 1197 593 unus
1218 568 1329 593 esses.
1386 556 1462 593 Sed
1482 567 1497 597 5

178 629 356 670 exspecto
381 628 427 666 te,
450 634 472 658 a
494 622 696 659 Peducaeo
723 620 863 669 utique,
888 627 927 657 tu
951 627 1078 656 autem
1104 618 1290 668 significas
1319 618 1463 666 aliquid

178 684 292 721 etiarn
312 691 410 722 ante.
468 685 611 721 Verum
632 683 670 721 id
691 683 846 732 quidem
866 689 907 720 ut
928 681 1078 731 poteris.

137 759 160 785 2
233 750 293 785 De
313 747 490 796 Vergilio,
517 755 558 785 ut
584 747 725 785 scribis.
785 749 874 784 Hoc
900 754 1028 783 tamen
1054 745 1166 783 velim
1191 745 1284 783 scire
1308 746 1463 794 quando

178 811 314 848 auctio.
374 811 586 860 Epistulam
617 812 665 848 ad
696 812 898 849 Caesarem
930 809 1026 846 mitti
1059 808 1171 846 video
1201 808 1269 846 tibi
1302 810 1460 856 placere.

180 873 285 921 Quid
306 873 483 922 quaeris?
511 873 603 910 mihi
623 886 777 921 quoque
797 874 871 910 hoc
895 872 996 910 idem
1019 871 1180 908 maxime
1201 871 1340 920 placuit
1360 879 1396 908 et
1416 884 1462 908 eo
1484 885 1521 906 10

180 936 297 985 magis
318 938 423 985 quod
450 936 543 973 nihil
568 944 623 974 est
650 936 689 973 in
715 949 759 973 ea
785 935 855 972 nisi
881 934 1016 984 optimi
1036 934 1137 980 civis,
1160 935 1227 971 sed
1253 933 1304 970 ita
1329 933 1462 983 optimi

180 1008 221 1037 ut
258 1008 452 1049 tempora3
493 1000 631 1049 quibus
669 1013 798 1048 parere
831 1012 964 1037 omnes
1001 999 1179 1036 πολιτικοὶ
1215 997 1460 1047 praecipiunt.

181 1065 256 1100 Sed
287 1063 358 1100 scis
389 1063 440 1100 ita
472 1063 583 1101 nobis
617 1076 698 1101 esse
731 1063 852 1100 visum
890 1070 931 1099 ut
964 1062 1024 1099 isti
1053 1069 1140 1099 ante
1169 1063 1344 1110 legerent.
1402 1063 1463 1097 Tu

181 1126 290 1175 igitur
310 1126 348 1164 id
369 1126 527 1164 curabis.
586 1127 661 1163 Sed
686 1125 756 1163 nisi
780 1127 891 1174 plane
918 1125 961 1161 iis
988 1125 1181 1174 intelleges
1202 1126 1360 1173 placere,
1384 1124 1463 1161 mit-

181 1190 297 1227 tenda
315 1202 394 1227 non
414 1196 479 1227 est.
539 1190 585 1226 Id
611 1196 737 1226 autem
765 1196 891 1225 utrum
911 1188 963 1224 illi
983 1188 1147 1225 sentiant
1166 1200 1266 1224 anne
1286 1187 1465 1224 simulent
1489 1200 1520 1230 15

181 1259 221 1289 tu
266 1252 471 1301 intelleges.
548 1251 652 1288 Mihi
693 1251 884 1289 simulatio
927 1264 995 1300 pro
1034 1250 1296 1299 repudiatione
1342 1250 1461 1288 fuerit.

180 1319 293 1353 Τοῦτο
322 1316 358 1353 δὲ
384 1316 552 1365 μηλώσῃ.

141 1387 164 1422 3
235 1381 294 1416 De
309 1378 493 1418 Caerellia
513 1377 605 1427 quid
626 1377 693 1415 tibi
714 1379 878 1426 placeret
898 1377 988 1414 Tiro
1004 1377 1097 1414 inihi
1113 1376 1295 1422 narravit3
1324 1377 1464 1414 debere

182 1455 259 1480 non
279 1455 361 1480 esse
381 1441 574 1491 dignitatis
594 1455 711 1487 meae,
734 1441 1046 1490 perscriptionem
1068 1440 1135 1478 tibi
1156 1443 1302 1490 placere
1320 1454 1325 1476 :

311 1507 321 1524 ‘
339 1507 428 1542 Hoc
458 1504 634 1549 metuere,
665 1506 825 1541 alterurn
855 1506 892 1541 1'n
923 1512 1025 1541 metu
1055 1517 1132 1541 non
1162 1504 1326 1552 ponere.’
1485 1516 1523 1536 20

182 1569 257 1605 Sed
278 1576 314 1605 et
334 1569 428 1606 haec
449 1575 485 1605 et
506 1569 624 1605 multa
642 1567 715 1604 alia
736 1581 874 1605 coram.
936 1567 1167 1605 Sustinenda
1187 1574 1324 1612 tamen,
1347 1565 1377 1603 si
1397 1564 1465 1602 tibi

182 1631 380 1677 videbitur,
403 1631 541 1668 solutio
561 1638 617 1668 est
638 1630 803 1668 nominis
824 1631 1049 1670 Caerelliani
1069 1632 1161 1668 dum
1182 1637 1218 1668 et
1238 1631 1286 1668 de
1308 1631 1466 1668 Metone

182 1702 219 1732 et
239 1696 287 1732 de
309 1694 468 1732 Faberio
487 1694 659 1732 sciamus.

226 1837 308 1871 LII
449 1839 515 1871 Ser.
534 1841 566 1869 in
589 1840 770 1870 Tusculano
785 1842 832 1870 xii
845 1841 885 1871 K.
904 1840 976 1870 Ilm.
994 1851 1022 1870 a.
1045 1850 1101 1880 709
1119 1841 1196 1879 (45³1.

571 1927 735 1956 CICERO
768 1926 943 1956 ATTICO
974 1926 1075 1956 SAL.
1488 1928 1523 1959 25

149 2023 166 2049 1
237 2014 278 2049 L.
311 2011 480 2048 Tullium
520 2014 751 2049 Montanum
797 2011 895 2049 nosti
935 2011 1000 2059 qui
1038 2025 1124 2048 curn
1164 2011 1349 2050 Cicerone
1386 2024 1467 2060 pro-

184 2077 304 2112 fectus
330 2082 396 2112 est.
453 2075 516 2111 Ab
542 2075 622 2112 eius
651 2074 787 2112 sororis
808 2074 886 2112 viro
912 2074 1051 2112 litteras
1077 2074 1206 2123 accepi
1238 2077 1467 2112 Montanum

186 2140 327 2176 Planco
348 2139 498 2184 debere,
521 2140 625 2187 quod
654 2151 761 2187 praes
781 2151 849 2186 pro
870 2137 1059 2175 Flaminio
1079 2137 1137 2184 sit,
1159 2139 1226 2175 HS
1244 2139 1328 2183 ff}
1356 2139 1404 2175 de
1424 2150 1469 2175 ea

186 2214 224 2238 re
254 2201 382 2238 nescio
411 2201 503 2250 quid
533 2208 569 2238 te
599 2214 621 2238 a
652 2202 841 2238 Montano
870 2208 1052 2249 rogatum.
1111 2202 1208 2238 Sane
1237 2201 1359 2247 velim,
1391 2200 1468 2238 sive

228 2310 247 2339 5
268 2305 339 2340 post
353 2302 380 2331 si
398 2301 470 2332 add.
490 2306 523 2331 tu
540 2302 668 2331 Ernesti
763 2311 799 2330 12
818 2304 892 2340 pos!
906 2306 939 2330 ut
955 2301 1028 2330 add.
1045 2306 1121 2331 sunt
1139 2300 1251 2340 Moser,
1271 2300 1342 2332 add.
1363 2301 1470 2331 serunt

188 2343 308 2373 Mt'iller
374 2354 409 2381 13
426 2344 490 2373 scis
503 2344 546 2374 ita
558 2339 599 2372 ΖΙ)
612 2343 668 2372 IL
683 2344 803 2382 (nung.
829 2355 835 2373 :
859 2343 886 2373 si
899 2342 947 2372 M1
966 2354 972 2373 :
996 2343 1076 2373 scito
1091 2344 1134 2373 ita
1145 2343 1201 2372 Μ2
1271 2354 1305 2382 17
1323 2343 1468 2382 μηλώσῃ]

187 2385 252 2423 μυΐ’
267 2385 326 2424 ὅση
341 2385 421 2415 Ellis
438 2386 502 2416 coll.
523 2385 678 2416 Hcronda
695 2386 714 2416 i.
736 2395 772 2424 15
913 2386 953 2415 28
977 2394 1043 2415 xxv
1058 2385 1176 2415 Bosins
1188 2385 1253 2416 coll.
1270 2385 1334 2416 xvi.
1359 2395 1406 2424 15.
1426 2395 1446 2424 5
