1690 2710
515 145 623 181 EPP.
654 145 730 180 AD
758 144 1008 181 ATTICVM
1336 144 1419 179 XV.
1437 142 1482 178 iv

122 265 253 290 verum
272 252 332 291 sit.
379 254 515 291 Cetera
535 264 672 298 coram,
688 258 726 289 et
741 252 903 289 maxime
919 251 1011 300 quid
1030 251 1167 288 nostris
1186 251 1404 288 faciendum

122 313 180 361 sit,
205 314 299 364 quid
324 315 439 353 etiam
466 314 588 360 nobis,
616 314 646 352 si
665 314 857 352 Antonius
886 314 1068 352 militibus
1097 315 1320 351 obsessurus
1349 321 1406 351 est

122 385 307 416 senatum.
374 380 489 415 Hanc
531 377 732 426 epistulam
771 377 801 414 si
831 377 928 414 illius
967 377 1163 414 tabellario
1200 376 1403 423 dedissem,

123 440 261 478 veritus
290 453 374 478 sum
402 454 452 478 ne
479 441 650 493 solveret.
711 442 847 489 Itaque
875 439 959 477 misi
987 439 1126 478 dedita.
1185 441 1275 477 Erat
1303 440 1406 477 enim

88 515 106 546 5
123 503 408 542 rescribendum
431 503 516 541 tuis.

163 607 258 641 IVa
399 610 466 641 Scr.
486 611 518 640 in
539 610 718 640 Tusculano
733 611 767 640 vi
778 610 819 640 K.
838 610 910 640 Iun.
930 621 960 641 a.
983 620 1038 649 710
1055 609 1140 651 (44).

515 684 680 715 CICERO
708 685 882 715 ATTICO
910 684 1011 715 SAL.

173 756 301 803 Quam
338 756 475 792 vellem
514 756 632 792 Bruto
670 754 838 792 studium
876 761 984 791 tuum
1021 767 1158 792 navare
1194 752 1478 805 potuisses!(5)

122 821 205 868 Ego
233 818 344 867 igitur
368 819 417 855 ad
443 831 531 855 eum
557 817 711 854 litteras.
766 818 828 854 Ad
855 817 1095 855 Dolabellam
1115 818 1297 855 Tironem
1322 817 1406 854 misi

66 899 104 921 ιο
122 896 210 920 cum
238 882 428 919 mandatis
458 889 495 919 et
523 881 668 919 litteris.
724 883 824 918 Eum
855 882 903 918 ad
937 888 974 919 te
1004 881 1158 919 vocabis
1188 889 1225 919 et
1255 881 1285 919 si
1314 881 1407 930 quid

121 945 281 983 habebis
314 947 419 994 quod
457 947 604 994 placeat
642 944 793 982 scribes.
857 946 959 983 Ecce
995 953 1123 983 autem
1156 946 1205 982 de
1241 952 1407 982 traverso

122 1011 163 1046 L.
184 1010 323 1048 Caesar
341 1016 383 1046 ut
402 1008 552 1046 veniam
575 1009 625 1046 ad
649 1021 688 1046 se
712 1016 817 1057 rogat
836 1007 875 1045 in
896 1010 1043 1046 Nemus
1062 1015 1127 1045 aut
1146 1007 1308 1045 scribam
1328 1019 1406 1056 quo

120 1086 161 1110 se
189 1072 317 1110 venire
346 1072 459 1109 velim
474 1086 484 1119 3
522 1074 640 1109 Bruto
671 1072 772 1109 enim
806 1073 955 1120 plaeere
988 1085 1028 1110 se
1059 1086 1081 1109 a
1110 1085 1170 1109 me
1200 1069 1403 1108 conveniri.

121 1136 156 1173 O
177 1149 256 1172 rem
275 1135 450 1172 odiosam
470 1142 507 1172 et
527 1134 832 1184 inexplicabilem
850 1138 856 1172 l
897 1137 995 1172 Puto
1022 1148 1082 1172 me
1102 1147 1190 1182 ergo
1211 1134 1349 1171 iturum
1370 1140 1407 1171 et

66 1212 102 1243 15
120 1199 211 1236 inde
232 1200 409 1245 Romam,
431 1199 503 1236 nisi
529 1198 622 1247 quid
650 1206 810 1236 mutato.
867 1198 1094 1236 Summatim
1121 1199 1248 1234 adhue
1274 1198 1322 1234 ad
1346 1203 1407 1243 te;

121 1261 310 1299 nihildum
337 1261 439 1299 enim
458 1275 482 1299 a
502 1262 634 1299 Balbo.
692 1263 796 1314 Tuas
816 1261 928 1311 igitur
947 1268 1125 1311 exspecto
1145 1273 1215 1299 nec
1234 1268 1406 1299 actorum

121 1326 245 1362 solum
264 1326 332 1362 sed
352 1325 466 1362 etiam
485 1326 708 1362 futurorum.

162 1430 202 1463 V
403 1432 469 1465 Ser.
486 1434 519 1464 in
541 1434 720 1464 Tusculano
736 1434 807 1465 vK.
827 1434 900 1465 Iun.
920 1445 951 1465 a.
974 1444 1029 1473 710
1047 1433 1130 1475 (44).

514 1508 681 1539 CICERO
710 1509 886 1540 ATTICO
914 1509 1016 1541 SAL.

65 1593 104 1614 20
173 1581 209 1616 A
237 1581 357 1617 Bruto
393 1578 610 1617 tabellarius
644 1579 777 1627 rediit3
815 1579 940 1617 attulit
973 1587 1009 1617 et
1041 1580 1090 1618 ab
1119 1592 1166 1617 eo
1194 1586 1231 1618 et
1260 1578 1403 1618 Cassio.
1426 1594 1443 1621 1

122 1642 335 1681 Consilium
364 1656 493 1680 meum
522 1656 662 1692 magno
690 1656 804 1692 opere
833 1642 1045 1691 exquirunt,
1077 1645 1215 1680 Brutus
1249 1642 1406 1691 quidem

120 1712 245 1742 utrum
261 1707 310 1743 de
329 1706 492 1743 duobus.
551 1707 585 1744 O
612 1720 690 1744 rem
711 1706 885 1744 miseram
903 1708 909 1742 l
939 1707 1051 1754 plane
1071 1719 1148 1742 non
1168 1706 1293 1742 habeo
1313 1705 1406 1753 quid

120 1768 292 1806 scribam.
352 1771 488 1818 Itaque
516 1769 666 1807 silentio
692 1777 785 1819 puto
814 1783 875 1807 me
901 1781 1067 1814 usurum,
1090 1768 1161 1805 nisi
1185 1767 1277 1816 quid
1303 1767 1406 1805 aliud

120 1831 189 1869 tibi
208 1831 356 1870 videtur
369 1846 379 1879 ;
412 1832 469 1869 sin
496 1832 564 1870 tibi
588 1833 681 1882 quid
700 1833 803 1870 venit
828 1832 867 1869 in
894 1839 1073 1877 mentem,
1096 1831 1228 1876 scribe,
1251 1843 1404 1879 quaeso.

62 1906 100 1937 25
122 1895 275 1933 Cassius
307 1909 397 1933 vero
429 1897 674 1934 vehementer
706 1904 786 1934 orat
818 1909 862 1933 ae
893 1895 985 1944 petit
1016 1902 1057 1932 ut
1088 1893 1257 1931 Hirtium
1291 1906 1406 1942 quam

120 1959 308 2007 optimum
354 1959 501 1997 faciam.
568 1961 712 1998 Sanum
758 1961 896 2009 putas?
942 1961 960 1996 ὁ
1002 1959 1182 2007 θησαυρὸς
1226 1958 1403 2007 ἄνθρακες.

120 2021 334 2071 Epistulam
362 2022 431 2060 tibi
460 2023 556 2060 misi.

170 2086 222 2122 Vt
242 2092 282 2122 tu
302 2087 351 2123 de
371 2086 565 2135 provincia
586 2087 692 2124 Bruti
718 2094 754 2124 et
775 2086 882 2126 Cassi
903 2099 969 2135 per
995 2092 1147 2123 senatus
1175 2085 1404 2131 consultum,
1423 2100 1448 2126 2

161 2197 179 2223 4
204 2186 313 2216 dedita
343 2197 444 2224 opera
474 2187 558 2227 vulg.
706 2190 726 2217 6
749 2188 821 2217 ln'nc
850 2198 966 2217 novam
998 2193 1039 2226 ej>⁴
1074 2187 1178 2226 incipit
1207 2186 1407 2224 ilsongaltius

119 2229 138 2257 8
162 2229 324 2266 potuisses
347 2229 469 2259 Rom:
493 2231 641 2268 potuisse
666 2230 705 2259 Μ
875 2240 916 2259 20
939 2241 957 2260 a
984 2233 1056 2259 ante
1080 2229 1194 2259 Cassio
1221 2227 1293 2258 add.
1321 2228 1401 2258 Ant.

118 2269 233 2300 Cassio
249 2271 376 2301 litteras
392 2270 446 2300 Μ2
531 2282 571 2309 23
595 2273 682 2311 quod
699 2272 795 2303 Rom.
885 2273 926 2301 26
948 2272 963 2301 ὁ
981 2270 1129 2309 θησαυρὸς
1144 2270 1289 2310 ἄνθρακες
1309 2269 1380 2300 Vict.
1396 2281 1403 2301 z

119 2315 515 2344 OTENATCANePAKEc
533 2313 593 2344 M:
627 2315 642 2344 ὁ
665 2313 800 2354 γναφεὺς
823 2313 984 2354 ἀνθρακεύς
1000 2314 1117 2344 Rosius

161 2387 221 2410 εις.
240 2388 285 2409 AD
301 2388 370 2410 Αττ,
1277 2377 1319 2407 34
