1690 2710
158 115 241 151 XV.
259 115 288 150 ii
612 114 665 150 M.
695 113 858 149 TVLLI
889 112 1185 150 CICERONIS

248 221 432 259 inciderat
468 221 507 258 in
537 229 615 258 tam
652 234 803 269 gravem
841 221 1029 265 morbum,
1060 220 1159 257 bene
1188 226 1316 257 actum
1349 231 1437 256 cum
1460 218 1534 255 illo

249 286 415 323 arbitror.
466 287 574 332 Quos
595 292 724 321 tamen
743 285 933 321 secundos
953 284 1112 321 heredes
1132 282 1226 320 scire
1245 281 1358 319 velim
1378 289 1415 319 et
1431 280 1533 319 diem

182 396 192 404 Ἴ
249 348 475 386 testamenti.

1483 395 1497 403 ᾳ

291 493 360 526 III
540 495 606 526 Ser.
626 496 658 525 1'12
674 494 877 534 Atpz'nate‘m'
890 494 932 525 K.
951 494 1024 525 Iun.
1046 505 1074 523 α.
1098 503 1152 533 710
1170 493 1254 534 (44).

643 580 809 611 CICERO
839 580 1013 609 ATTICO
1043 579 1145 611 SAL.

1553 581 1569 611 tn

214 677 231 703 1
301 666 518 704 Vndecimo
552 667 638 702 Kal.
671 665 802 714 accepi
835 664 874 701 in
900 664 1073 713 Arpinati
1103 665 1197 702 duas
1231 663 1409 712 epistulas
1437 670 1531 710 tuaS‚

250 730 387 779 quibus
414 730 563 767 duabus
593 728 686 766 meis
714 727 954 776 respondisti.
1011 729 1097 763 Vna
1123 734 1200 763 erat
1224 738 1277 762 XV
1299 728 1398 772 Kal„
1418 728 1535 764 altera

250 806 308 830 ΧΠ
333 795 433 830 data.
489 794 551 829 Ad
571 792 803 841 superiorem
824 791 934 839 igitur
954 790 1068 838 prius.
1123 792 1307 827 Accurres
1336 790 1375 826 in
1390 791 1534 827 Tuscu-

249 858 389 902 lanum,
418 863 459 893 ut
492 855 649 900 scribis3
688 867 766 903 quo
804 867 864 891 me
894 865 932 890 V1
968 855 1054 890 Kal.
1081 860 1282 890 venturum
1315 852 1531 890 arbitrabar.

250 920 368 967 Quod
396 918 527 956 scribis
561 918 773 966 parendum
804 916 1019 961 victoribus,
1053 929 1131 953 non
1165 915 1257 952 mihi
1286 915 1443 964 quidem
1473 915 1534 952 cui
1556 927 1593 948 10

249 990 337 1020 sunt
364 983 481 1018 multa
507 981 663 1029 potiora.
724 981 825 1016 Nam
854 979 917 1015 illa
945 992 1043 1027 quae
1071 978 1277 1015 recordaris
1305 979 1469 1015 Lentulo
1498 986 1534 1015 et

251 1047 434 1083 Marcello
455 1044 676 1082 consulibus
695 1050 779 1080 acta
795 1043 833 1079 in
853 1044 948 1080 aede
961 1042 1163 1091 Apollinis,
1176 1055 1247 1079 nec
1267 1055 1380 1079 causa
1400 1043 1534 1079 eadem

250 1115 307 1146 est
332 1121 403 1145 nec
431 1107 552 1144 simile
580 1114 741 1155 tempuS‚
768 1105 986 1155 praesertim
1017 1118 1105 1142 curn
1136 1107 1360 1142 Marcellum
1394 1104 1534 1142 scribas

249 1171 419 1219 aliosque
440 1170 645 1207 discedere.
704 1169 784 1206 Erit
807 1169 918 1217 igitur
943 1168 1054 1205 nobis
1080 1182 1208 1206 coram
1234 1169 1474 1206 odorandum
1498 1174 1535 1205 et

249 1233 561 1272 constituendum
594 1240 727 1269 tutone
760 1234 908 1269 Romae
941 1245 1023 1269 esse
1055 1232 1255 1281 possimus.
1314 1231 1414 1269 Novi
1447 1244 1535 1269 con·
1555 1242 1591 1273 15

249 1304 384 1335 ventus
410 1296 642 1334 habitatores
669 1309 759 1333 sane
785 1303 964 1342 movent3
993 1295 1031 1332 in
1053 1295 1198 1344 magnis
1221 1294 1323 1332 enim
1343 1308 1535 1332 versamur

249 1359 441 1408 angustiis.
513 1359 588 1396 Sed
627 1365 714 1395 sunt
751 1358 821 1395 ista
858 1357 986 1406 parvi3
1030 1358 1122 1406 quin
1156 1365 1192 1395 et
1230 1357 1371 1395 maiora
1408 1365 1535 1395 conte-

250 1425 428 1462 mnimus.
485 1425 624 1462 Calvae
653 1430 923 1460 testamentum
950 1423 1125 1472 cognovi,
1149 1422 1315 1460 hominis
1344 1421 1462 1470 turpis
1490 1434 1534 1458 ac

250 1487 405 1525 sordidi.
451 1487 601 1524 Tabula
618 1485 821 1523 Demonici
842 1487 946 1534 quod
963 1486 1031 1523 tibi
1051 1499 1163 1523 curae
1183 1493 1239 1523 est
1258 1492 1416 1534 gratum.
1475 1485 1534 1521 De

251 1552 408 1589 †malo†
438 1549 568 1598 scripsi
601 1549 675 1586 iam
709 1548 856 1597 pridem
889 1550 938 1586 ad
970 1549 1210 1586 Dolabellam
1241 1546 1532 1593 accuratissime,
1554 1562 1593 1584 20

250 1614 367 1650 modo
387 1613 556 1650 redditae
576 1612 720 1649 litterae
741 1611 826 1649 sint.
884 1611 975 1649 Eius
995 1625 1108 1649 causa
1128 1619 1164 1649 et
1184 1611 1297 1660 cupio
1317 1618 1353 1648 et
1373 1610 1508 1647 debeo.

206 1692 230 1719 2
302 1678 427 1715 Venio
464 1679 513 1715 ad
550 1677 779 1726 propiorem.
841 1676 1014 1726 Cognovi
1045 1678 1093 1715 de
1125 1676 1309 1714 Alexione
1342 1688 1440 1724 quae
1473 1676 1536 1712 de-

248 1741 474 1778 siderabam.
537 1739 685 1777 Hirtius
723 1747 797 1777 est.
817 1747 915 1777 tuus.
972 1740 1153 1785 Antonio,
1192 1738 1430 1788 †quoniam†
1463 1744 1530 1784 est,

249 1806 337 1842 volo
366 1803 473 1853 peius
507 1816 600 1840 esse.
660 1805 718 1840 De
751 1803 899 1850 Quinto
930 1803 1017 1848 filio,
1051 1811 1091 1840 ut
1123 1803 1264 1849 scribis,
1288 1805 1359 1842 †A.
1381 1803 1437 1839 M.
1462 1802 1533 1839 C.†

251 1869 311 1905 De
341 1874 445 1916 patre
477 1880 605 1904 coram
638 1880 806 1915 agemus.
867 1869 1027 1904 Brutum
1064 1868 1170 1905 omni
1202 1881 1241 1905 re
1271 1880 1346 1916 qua
1375 1877 1533 1915 possum
1553 1879 1590 1910 25

250 1930 363 1979 cupio
388 1930 524 1967 iuvare.
581 1929 700 1967 Cuius
726 1931 775 1967 de
801 1930 1036 1967 oratiuncula
1059 1930 1161 1968 idem
1182 1938 1218 1967 te
1238 1931 1344 1979 quod
1368 1943 1429 1966 me
1452 1941 1533 1966 sen-

292 2043 310 2062 2
333 2033 425 2062 velim
461 2033 577 2063 Orelli:
614 2034 731 2063 vellem
765 2033 804 2062 M
985 2035 1005 2063 6
1042 2033 1074 2063 in
1105 2033 1258 2071 Arpinati
1289 2031 1426 2062 Lama:
1465 2030 1532 2060 nati

250 2076 361 2109 (nacti)
387 2075 462 2106 ΣΖε
496 2086 559 2105 0111.
589 2081 635 2106 A:
661 2077 691 2104 in
717 2075 843 2105 Atinati
869 2076 986 2105 Rosius
1138 2086 1173 2113 14
1197 2085 1307 2105 coram
1330 2074 1531 2103 odorandum

250 2117 292 2146 C:
319 2128 395 2147 cura
420 2118 658 2147 moderandum
684 2117 722 2146 M
811 2126 847 2155 15
870 2118 976 2148 tutine
998 2114 1078 2148 2⁶1¹.
1093 2129 1116 2148 c.
1133 2121 1205 2147 ante
1225 2116 1408 2154 Wesenbeug
1495 2125 1530 2153 17

249 2160 315 2189 Sed
342 2164 417 2189 sunt
442 2160 559 2190 Romu:
592 2161 651 2190 sed
672 2161 698 2189 si
725 2161 783 2189 ,Μτ
817 2160 876 2189 etsi
900 2160 1086 2198 Peerlkamp
1236 2159 1284 2198 et]
1317 2158 1368 2188 vel
1396 2156 1529 2187 Miiller:

249 2202 346 2230 ctiam
362 2201 437 2231 coni.
457 2201 567 2231 Baiter
689 2212 725 2239 19
748 2206 821 2232 mlle
837 2202 944 2231 tabula
963 2202 1013 2231 De
1028 2200 1160 2231 addend.
1179 2202 1254 2231 com’.
1277 2200 1368 2230 Man.
1490 2210 1530 2229 20

251 2243 351 2272 Mario
365 2242 470 2273 Mam:
497 2243 598 2273 Matio
612 2243 785 2274 Beroaldus
799 2256 805 2274 ε
830 2243 986 2273 Montano
998 2242 1162 2273 Schmidt:
1185 2243 1309 2272 Manlio
1322 2241 1530 2280 Slmckbmglz

250 2295 288 2321 23
312 2295 405 2322 quam
422 2285 484 2314 iarn
502 2286 576 2314 coni.
599 2286 715 2316 Orrllt':
739 2296 832 2324 quam
849 2286 948 2317 Pius:
971 2287 1124 2324 quoniam
1142 2286 1225 2315 male
1242 2286 1374 2315 Alanus
1490 2294 1529 2321 24

249 2328 288 2355 A.
305 2327 346 2356 M.
366 2327 422 2367 C.]
439 2327 504 2356 ἅλις
526 2327 688 2357 Turnebus
706 2328 881 2357 Gronovius
