1590 2730
507 139 615 174 EPP.
647 139 722 174 AD
752 138 1003 176 ATTICVM
1285 140 1400 175 XIII.
1427 138 1486 174 xli

105 245 223 282 domo
261 258 454 282 cessurum
498 245 576 282 filio
620 244 773 289 diceret,
813 244 891 282 dixi
928 245 1035 282 illum
1079 247 1303 283 commodas
1343 247 1392 282 ad

106 314 264 345 matrem
284 308 434 354 litteras,
456 309 505 345 ad
526 315 562 345 te
582 309 714 344 nullas.
774 309 843 344 Ille
862 309 1022 344 alterum
1050 308 1264 353 mirabatur,
1287 309 1335 345 de
1355 315 1392 345 te

104 378 232 408 autem
253 384 360 407 suam
376 373 527 419 culpam
547 372 652 419 quod
668 383 782 418 saepe
801 370 960 418 graviter
979 373 1028 408 ad
1048 371 1167 408 filium
1184 370 1392 419 scripsisset

105 435 154 471 de
173 442 238 471 tua
266 434 304 470 in
324 434 430 470 illum
459 433 603 470 iniuria.
662 435 779 480 Quod
808 441 936 470 autem
962 434 1194 482 relanguisse
1221 447 1259 470 se
1285 434 1387 479 dicit,

66 510 82 540 5
104 510 174 545 ego
194 497 228 534 ei
249 497 321 534 tuis
348 497 478 534 litteris
504 496 610 533 lectis
630 499 795 536 σκολιαῖς
818 498 969 536 ἀπάταις
988 496 1194 545 significavi
1224 509 1285 533 me
1310 509 1389 533 non

103 561 181 597 fore
203 590 210 597 .
232 590 238 597 .
263 590 269 597 .
293 567 373 597 tum
394 559 496 597 enim
517 559 661 597 mentio
682 560 822 598 Canae.
885 559 1056 597 Omnino
1076 559 1106 596 si
1126 559 1165 596 id
1184 559 1386 596 consilium
1407 568 1430 594 2

101 624 276 671 placeret,
307 630 406 660 esset
439 635 618 669 necesse3
647 623 724 667 sed,
757 629 798 659 ut
826 622 969 669 scribis,
1001 622 1094 659 ratio
1127 629 1184 659 est
1210 622 1388 659 habenda

100 685 299 733 gravitatis,
323 693 359 722 et
385 684 580 733 utriusque
600 692 771 721 nostrum
799 685 899 722 idem
925 684 1127 722 consilium
1154 697 1236 721 esse
1260 685 1385 729 debet,

102 748 170 785 etsi
186 748 224 784 in
246 761 306 785 me
325 748 512 797 graviores
532 747 690 784 iniuriae
711 755 747 785 et
767 755 868 785 certe
888 748 1066 785 notiores.
1108 747 1145 785 Si
1166 760 1254 784 vero
1275 747 1387 784 etiam

48 823 81 843 10
103 813 240 847 Brutus
277 810 422 858 aliquid
454 811 608 855 adferet,
642 811 746 847 nulla
783 810 971 848 dubitatio
1010 818 1075 848 est.
1135 812 1209 848 Sed
1247 823 1385 848 coram.

102 875 244 921 Magna
264 873 365 910 enim
387 886 444 910 res
464 880 501 910 et
523 875 663 910 multae
683 873 881 910 cautionis.
941 875 1033 912 Cras
1061 873 1181 922 igitur,
1204 873 1273 910 nisi
1295 874 1388 923 quid

99 949 121 972 a
141 943 177 973 te
198 944 444 973 commeatus.

140 1078 266 1112 XLII
366 1080 433 1111 Ser.
453 1081 484 1110 in
507 1081 685 1111 thscztlano
700 1092 747 1111 cx.
767 1092 809 1111 m.
830 1081 901 1112 Dec.
919 1092 947 1111 a.
968 1090 1024 1121 709
1041 1081 1122 1122 (45).

501 1165 666 1195 CICERO
689 1165 864 1196 ATTICO
886 1165 988 1197 SAL.

44 1265 80 1297 15
152 1251 268 1289 Venit
288 1251 349 1289 ille
375 1253 423 1289 ad
444 1265 505 1289 me
533 1252 589 1288 καὶ
611 1254 712 1300 μάλα
739 1254 911 1301 κατηφής.
971 1253 1019 1289 Et
1039 1265 1120 1301 ego,
1146 1254 1217 1292 (Σὺ
1237 1253 1273 1290 δὲ
1293 1253 1334 1301 δὴ
1354 1253 1392 1290 τί
1406 1264 1423 1292 1

99 1317 290 1358 σύννους;’
335 1317 533 1364 ‘Rogas?'
574 1315 707 1364 inquit,
745 1315 857 1364 ‘quoi
895 1315 963 1352 iter
1000 1315 1113 1352 instet
1151 1324 1188 1353 et
1230 1316 1298 1353 iter
1338 1317 1387 1353 ad

100 1379 240 1416 bellum
262 1378 378 1427 idque
403 1392 491 1415 curn
517 1379 772 1427 periculosum
794 1386 873 1416 tum
903 1378 1017 1416 etiam
1044 1381 1196 1427 turpe1⁷
1255 1381 1386 1426 ‘Quae

98 1442 152 1479 vis
186 1442 344 1491 igitur?⁷
372 1442 539 1490 inquam.
598 1443 722 1479 ‘Aes'
746 1441 868 1490 inquit
890 1442 1087 1478 '‘alienum
1116 1449 1153 1479 et
1182 1450 1310 1480 tamen
1337 1456 1386 1479 ne

97 1505 275 1542 viaticum
302 1504 482 1553 quidem.'
539 1506 628 1542 Hoc
655 1506 741 1542 loco
761 1518 831 1553 ego
861 1504 1005 1552 sumpsi
1032 1504 1217 1552 quiddam
1244 1507 1292 1543 de
1321 1513 1386 1542 tua

42 1583 77 1604 20
97 1567 338 1616 eloquentia3
378 1580 466 1604 nam
500 1567 610 1604 tacui.
669 1569 719 1603 At
757 1566 828 1612 ille,
864 1568 959 1604 ‘Sed
991 1579 1052 1604 me
1085 1568 1248 1605 maxime
1281 1568 1384 1615 angit

97 1633 330 1670 avunculus.'
389 1630 604 1678 ‘Quidnam
620 1632 655 1667 ?'
702 1630 870 1678 inquam.
933 1631 1071 1676 ‘Quod
1109 1631 1222 1667 mihi'
1260 1631 1383 1679 inquit

97 1695 233 1732 ‘iratus
254 1695 333 1731 ests
391 1696 399 1712 ‘
413 1694 491 1731 Cur
510 1692 695 1741 pateris?'
726 1692 893 1740 inquam,
917 1696 924 1711 ⁶
943 1694 1043 1729 malo
1064 1692 1165 1730 enim
1186 1693 1238 1730 ita
1257 1693 1384 1731 dicere

97 1771 210 1807 quam
232 1771 298 1794 cur
317 1756 572 1794 committis?'
633 1757 743 1793 ‘Non
765 1755 906 1804 patiar⁷
927 1755 1060 1803 inquit,
1086 1759 1259 1792 ‘causam
1281 1757 1380 1794 enin)

97 1823 251 1859 tollani.'
309 1823 358 1858 Et
386 1833 470 1868 ego,
499 1819 752 1857 ‘Rectissime
782 1819 963 1867 quidem3
1004 1820 1071 1856 sed
1106 1819 1136 1855 si
1165 1832 1276 1867 grave
1304 1833 1383 1857 non

40 1898 77 1929 25
97 1871 162 1930 est,
192 1884 303 1921 velim
334 1883 427 1921 scire
457 1883 549 1931 quid
579 1883 625 1919 sit
655 1883 813 1919 causae.'
870 1881 1006 1928 <Quia‚
1035 1883 1128 1919 dum
1157 1882 1382 1920 dubitabam

97 1961 211 1997 quam
232 1949 424 1992 ducerem,
438 1960 516 1983 non
537 1946 625 1983 satis
646 1945 831 1982 faciebam
853 1945 985 1991 matri3
1015 1945 1065 1981 ita
1080 1958 1128 1982 ne
1144 1944 1196 1981 illi
1213 1945 1379 1993 quidem.

96 2013 210 2049 Nunc
230 2011 324 2048 nihil
345 2010 437 2047 mihi
458 2009 551 2046 tanti
568 2016 633 2046 est.
685 2008 836 2045 Faciam
857 2009 962 2056 quod
982 2009 1138 2045 volunt)
1188 2008 1382 2046 ‘Feliciter

95 2074 229 2111 velim'
260 2074 416 2123 inquam
453 2077 587 2121 ‘teque
620 2073 745 2109 laudo.
804 2073 880 2108 Sed
912 2072 1117 2120 quando?
1175 2072 1299 2108 ‘Nihil
1331 2074 1380 2110 ad

136 2177 157 2205 6
181 2175 264 2215 sore]
279 2176 347 2205 fore
360 2174 487 2204 iratum.
534 2178 601 2203 tum
616 2173 737 2202 mentio
750 2173 825 2202 coni.
839 2172 952 2201 Lamb.
1002 2172 1124 2201 Locum
1139 2172 1181 2200 ita
1194 2171 1250 2201 dat
1264 2172 1381 2203 Gztrlill

95 2217 188 2247 lectis
211 2218 351 2247 σκολιαῖς
375 2216 502 2246 ἀπάταις
526 2215 704 2254 significavi
726 2224 778 2244 me
803 2218 890 2243 ‘non
916 2213 1044 2243 coram'
1071 2220 1195 2252 <coram
1211 2219 1272 2253 pro
1293 2215 1379 2253 fore)

99 2269 133 2288 11
158 2264 228 2289 ante
259 2265 290 2289 et
322 2258 394 2289 add.
429 2263 479 2288 est
510 2257 692 2294 Weseafzhcne·
822 2267 857 2286 12
882 2260 1042 2285 commeat
1068 2255 1184 2287 Orelli:
1219 2262 1379 2286 commeat

96 2302 223 2339 vesperi
241 2301 406 2330 Sclmn‘dt:
431 2305 647 2329 commutatur
666 2299 802 2328 Gnrmt:
827 2298 881 2328 dcl.
900 2298 983 2327 Reid
1104 2308 1141 2336 19
1160 2302 1233 2337 post
1248 2300 1379 2337 quidem

96 2343 177 2373 dant
192 2343 294 2373 habeo
310 2354 337 2373 v.
358 2354 379 2373 c.
403 2342 486 2372 Crat.

138 2405 199 2426 cxc.
218 2405 264 2425 AD
277 2405 348 2426 ATT.
1256 2396 1294 2424 31
