1590 2730
522 136 631 172 EPP.
662 137 737 171 AD
766 137 1018 174 ATTICVM
1326 140 1419 176 XII.
1437 140 1559 176 xxvii

132 241 286 292 iamque
304 242 385 292 ipsa
405 242 566 280 contrita
585 249 682 279 sunt.
732 244 882 280 Tamen
902 245 1026 281 facere
1046 258 1124 282 non
1144 258 1300 293 possum
1321 246 1414 294 quin

132 305 273 343 cotidie
292 307 342 343 ad
361 313 397 343 te
417 306 564 344 mittam
584 313 626 342 ut
645 313 728 343 tuas
748 306 944 355 accipiam.
1004 309 1064 344 De
1086 310 1203 346 Bruto
1223 316 1361 354 tamen,
1383 309 1413 346 si
1432 320 1456 356 3

131 367 225 416 quid
252 367 421 405 habebis.
478 367 571 405 Sciri
591 368 694 405 enim
714 368 789 405 iarn
811 376 904 417 puto
924 369 989 406 ubi
1018 372 1180 408 Pansam
1210 379 1410 419 exspectet.

130 430 179 476 Si,
201 438 243 467 ut
261 432 500 467 consuetudo
520 438 586 475 est,
609 430 648 467 in
668 430 789 478 prima
808 431 1014 480 provincia,
1037 432 1183 470 circiter
1204 435 1288 470 Kal.
1310 435 1415 471 adfu-

92 506 108 535 5
129 500 233 531 turus
263 493 419 531 videtur.
477 495 626 530 Vellem
658 493 800 531 tardius
814 508 824 540 3
862 495 973 531 valde
1010 495 1112 532 enim
1146 496 1278 533 urbem
1311 497 1414 545 fugio

130 557 266 593 multas
287 556 337 593 ob
358 569 500 593 causas.
546 557 682 604 Itaque
698 555 737 593 id
758 556 882 605 ipsum
904 557 1040 594 dubito
1060 571 1109 594 an
1130 559 1413 597 excusationem

127 619 294 668 aliquam
322 620 372 656 ad
400 619 506 656 illum
530 632 683 667 parem,
716 621 821 668 quod
852 620 1010 668 quidem
1041 620 1154 658 video
1183 622 1291 659 facile
1319 636 1410 660 esse.

127 683 203 720 Sed
223 683 409 720 habemus
430 682 518 720 satis
538 682 719 732 temporis
739 685 788 721 ad
809 683 1066 733 cogitandum.
1117 685 1244 731 Piliae,
1262 686 1413 724 Atticae

125 747 296 784 salutem.

70 900 108 922 10
168 888 366 924 XXVIII
440 893 508 924 διν.
528 893 674 924 Asturae
687 894 721 924 ix
731 894 776 924 K.
794 894 874 933 Apr.
894 905 923 925 a.
945 905 1001 934 709
1017 895 1094 934 (θ’).

513 978 678 1009 CICERO
707 978 883 1009 ATTICO
913 979 1017 1010 SAL.

178 1066 238 1102 De
258 1064 350 1102 Silio
371 1064 450 1102 nilo
470 1066 578 1113 plura
603 1065 766 1114 cognovi
792 1080 838 1104 ex
864 1074 1063 1115 praesente
1092 1067 1201 1106 Sicca
1220 1081 1335 1117 quam
1364 1083 1410 1107 ex
1429 1083 1447 1110 1

123 1127 254 1165 litteris
283 1128 372 1165 eius.
433 1128 639 1177 Scripserat
659 1129 760 1166 enim
782 1130 992 1178 diligenter.
1051 1131 1088 1169 Si
1113 1132 1223 1180 igitur
1243 1140 1282 1169 tu
1304 1133 1409 1171 illum

124 1191 357 1237 conveneris,
397 1191 538 1229 scribes
580 1193 630 1229 ad
670 1206 731 1230 me
777 1193 807 1230 si
845 1193 938 1241 quid
975 1194 1175 1232 videbitur.
1236 1197 1295 1233 De
1332 1209 1410 1245 quo

68 1270 102 1302 15
123 1262 233 1303 putas
252 1256 302 1292 ad
322 1268 383 1293 me
404 1255 562 1292 missum
583 1269 676 1302 esse,
695 1256 741 1293 sit
758 1256 916 1293 missum
937 1271 1059 1295 necne
1079 1259 1208 1296 nescio
1226 1273 1234 1305 3
1264 1259 1408 1297 dictum

122 1318 279 1366 quidem
308 1318 401 1355 mihi
430 1326 530 1356 certe
559 1318 653 1355 nihil
682 1326 748 1356 est.
806 1321 867 1356 Tu
896 1319 1016 1368 igitur,
1046 1328 1087 1358 ut
1115 1322 1283 1370 coepisti,
1312 1330 1349 1360 et
1379 1323 1410 1360 si

122 1382 215 1430 quid
235 1382 286 1419 ita
306 1382 495 1428 conficies,
519 1384 624 1431 quod
645 1382 826 1430 equidem
848 1396 926 1420 non
946 1384 1105 1421 arbitror
1125 1385 1203 1422 fieri
1224 1399 1346 1434 posse,
1368 1393 1410 1423 ut

121 1445 174 1482 illi
202 1447 391 1494 probetur,
415 1445 653 1491 Ciceronem,
684 1445 714 1482 si
744 1445 812 1483 tibi
842 1446 1017 1494 placebit,
1045 1447 1257 1485 adhibebis.
1316 1449 1409 1486 Eius

120 1509 264 1558 aliquid
301 1510 455 1548 interest
489 1510 605 1547 videri
642 1509 740 1546 illius
778 1523 893 1547 causa
924 1510 1099 1556 voluisse,
1135 1525 1219 1549 mea
1252 1513 1408 1561 quidem

65 1586 103 1607 20
121 1571 214 1609 nihil
235 1572 306 1610 nisi
326 1575 431 1622 quod
451 1581 491 1610 tu
513 1573 595 1619 scis,
618 1574 724 1621 quod
744 1586 815 1620 ego
836 1573 962 1621 magni
982 1573 1153 1612 aestimo.

173 1638 291 1684 Quod
320 1650 381 1674 me
409 1638 458 1674 ad
487 1649 612 1673 meam
641 1635 961 1673 consuetudinem
995 1650 1159 1683 revocas,
1186 1638 1254 1676 fuit
1278 1652 1406 1677 meum
1425 1652 1450 1680 2

119 1700 276 1749 quidem
305 1700 380 1737 iam
409 1700 555 1749 pridem
585 1713 663 1737 rem
689 1699 883 1748 publicam
913 1701 1050 1749 lugere,
1073 1702 1178 1749 quod
1207 1702 1405 1748 faciebam,

79 1770 82 1774 “
119 1765 187 1802 sed
208 1764 358 1811 mitius,
387 1772 465 1802 erat
485 1765 586 1802 enim
608 1764 673 1801 ubi
699 1763 993 1812 acquiescerem.
1053 1766 1166 1802 Nunc
1194 1767 1307 1814 plane
1336 1777 1414 1804 nec·

119 1840 190 1875 ego
218 1828 359 1865 victum
390 1842 460 1866 nec
489 1828 605 1865 vitam
635 1827 737 1864 illam
768 1829 892 1864 colere
924 1840 1080 1875 possum
1112 1841 1182 1865 nec
1217 1827 1255 1864 in
1289 1842 1334 1865 ea
1367 1842 1406 1866 re

63 1901 98 1932 25
119 1890 212 1940 quid
243 1891 325 1929 aliis
353 1891 524 1929 videatur
552 1891 645 1928 mihi
679 1898 772 1939 puto
803 1891 1039 1937 curandum,
1082 1904 1167 1928 mea
1197 1891 1289 1928 mihi
1319 1905 1407 1930 con-

119 1954 276 1992 scientia
304 1955 420 2003 pluris
451 1962 507 1992 est
541 1968 656 2003 quam
687 1953 861 1991 omniurn
891 1966 1025 1991 sermo.
1086 1955 1203 2001 Quod
1234 1968 1295 1993 me
1326 1955 1407 2004 ipse

117 2030 185 2065 per
211 2018 352 2055 litteras
379 2019 597 2055 consolatus
624 2030 720 2063 sum,
742 2030 820 2054 non
841 2017 1008 2065 paenitet
1030 2030 1090 2054 me
1110 2025 1296 2066 quantum
1325 2032 1407 2068 pro-

159 2130 178 2158 3
202 2120 285 2150 Sciri
305 2120 432 2150 Baiter:
457 2121 539 2150 scire
559 2119 665 2150 codd:
691 2118 776 2149 scire
801 2124 832 2149 te
853 2119 928 2149 coni.
952 2117 1134 2159 IVescnbcrg
1260 2121 1279 2149 8
1305 2119 1406 2150 Piliae

117 2167 151 2192 et
166 2162 297 2193 Atticae
313 2163 409 2192 Rom.
428 2162 447 2191 I
548 2173 584 2200 13
609 2162 681 2192 eius
698 2161 812 2192 Lamb.
829 2172 835 2191 z
860 2161 924 2191 tuis
947 2161 985 2189 M
1078 2172 1120 2191 20
1144 2162 1254 2200 magni
1267 2163 1315 2191 F:
1340 2173 1405 2194 om.

118 2204 159 2234 M
314 2215 350 2234 21
377 2215 427 2235 me
449 2205 490 2235 ad
509 2215 537 2235 v.
557 2216 580 2236 c.
597 2204 624 2233 L
645 2205 780 2245 (marg.)
799 2203 912 2233 codices
926 2203 1026 2233 Bosi:
1050 2214 1102 2234 me
1119 2204 1229 2244 adpro
1246 2215 1350 2235 meam
1368 2205 1410 2234 M

118 2247 255 2286 (marg.)
374 2258 414 2277 22
438 2247 551 2285 lugere
569 2247 596 2276 C
610 2257 636 2277 v.
655 2258 678 2277 c.
696 2241 748 2275 ΖΠ)
765 2258 771 2276 ;
803 2246 914 2283 legere
932 2245 981 2275 M¹
999 2257 1005 2275 :
1039 2256 1153 2284 regere
1171 2245 1257 2276 M2S
1365 2256 1406 2285 23

118 2289 228 2319 mitius
248 2288 381 2319 Rosius:
408 2290 497 2319 intus
512 2283 608 2318 Mle
695 2288 773 2328 nec]
791 2298 857 2318 non
875 2297 902 2318 v.
921 2297 943 2317 c.
961 2286 1145 2328 PVesenberg
