1590 2730
493 140 602 176 EPP.
633 140 708 175 AD
737 142 987 179 ATTICVM
1357 142 1483 180 XII.i

104 245 208 284 nihil.
267 246 371 294 Quid
400 259 488 295 ergo
517 259 613 296 opus
643 254 720 284 erat
749 247 937 296 epistula?
992 250 1107 297 Quid,
1139 264 1226 288 cum
1262 264 1388 289 coram

105 322 236 347 sumus
273 316 311 347 et
346 309 528 358 garrimus
565 309 750 358 quicquid
787 310 825 346 in
863 311 1054 349 buccam?
1114 315 1182 350 Est
1219 315 1389 361 profecto

105 371 289 421 quiddam
312 373 442 422 λέσχη,
465 385 562 421 quae
589 372 716 419 habet,
736 372 849 410 etiam
877 374 906 411 si
934 374 1027 412 nihil
1053 376 1193 422 subest,
1215 378 1392 415 conlocu-

105 435 210 473 tione
229 434 310 485 ipsa
329 435 563 473 suavitatem.

69 588 85 619 5
147 581 194 616 ῙῙ
362 584 430 615 Scr.
450 584 574 615 Romae
590 589 662 615 ante
678 585 757 616 med.
776 596 818 616 m.
835 585 866 614 A
867 591 916 625 pr.
934 596 963 616 a.
981 588 1039 625 708
1052 586 1137 627 (46).

504 670 669 700 CICERO
691 671 867 702 ATTICO
889 670 990 701 SAL.

158 755 235 793 Hic
260 742 429 793 rumores
459 763 585 794 tamen
612 759 789 794 Murcum
819 757 959 805 perisse
986 758 1190 806 naufragio,
1213 757 1388 795 Asinium
1407 770 1424 797 1

103 820 271 857 delatum
300 819 427 856 vivum
457 819 495 856 in
529 833 664 857 manus
694 820 868 867 militum,
891 833 912 857 L
932 820 1037 858 navis
1066 822 1210 858 delatas
1238 822 1390 859 Vticam

105 884 236 920 reflatu
265 884 349 928 hoc,
382 883 609 931 Pompeium
641 896 719 920 non
750 896 969 932 comparere
998 897 1069 921 nec
1100 884 1138 920 in
1172 884 1390 921 Balearibus

53 961 88 983 10
105 945 264 983 omnino
294 946 417 992 fuisse,
448 954 488 983 ut
520 946 722 984 Paciaecus
752 948 936 984 adfirmat.
995 948 1070 984 Sed
1097 954 1228 984 auctor
1252 947 1390 984 nullius

105 1009 156 1047 rei
178 1009 390 1058 quisquam.
440 1010 573 1047 Habes
594 1023 702 1059 quae,
724 1011 817 1048 dum
838 1018 877 1047 tu
897 1011 1001 1055 abes,
1023 1010 1138 1047 locuti
1159 1010 1243 1047 sint.
1292 1010 1391 1048 Ludi

105 1073 247 1111 interea
274 1075 486 1111 Praeneste.
548 1073 607 1111 Ibi
636 1073 783 1111 Hirtius
807 1081 843 1111 et
869 1073 929 1111 isti
956 1087 1099 1111 omnes.
1160 1076 1208 1111 Et
1235 1073 1390 1122 quidem
1409 1085 1433 1113 2

105 1137 185 1174 ludi
216 1137 297 1175 dies
329 1149 412 1174 vm.
470 1139 580 1185 Quae
613 1150 740 1183 cenae,
777 1150 875 1186 quae
904 1137 1085 1175 deliciae!
1143 1139 1220 1175 Res
1249 1137 1392 1175 interea

105 1202 261 1238 fortasse
298 1208 485 1238 transacta
522 1208 587 1238 est.
663 1201 698 1238 O
737 1201 851 1238 miros
892 1199 1090 1237 homines!
1160 1202 1209 1237 At
1250 1200 1391 1237 Balbus

49 1276 84 1307 15
104 1264 302 1311 aedificat3
330 1266 368 1302 τί
382 1267 451 1315 γὰρ
477 1267 570 1315 αὐτῷ
587 1266 689 1313 μέλει
701 1283 711 1307 ‚·
740 1266 885 1302 Verum
905 1262 935 1300 si
961 1263 1119 1312 quaeris,
1143 1263 1288 1301 homini
1312 1277 1390 1301 non

105 1335 207 1365 recta
227 1329 294 1366 sed
313 1328 524 1377 voluptaria
543 1327 739 1377 quaerenti
759 1340 888 1365 nonne
908 1328 1113 1375 βεβίωταιΡ
1168 1328 1227 1363 Tu
1249 1326 1391 1363 interea

105 1392 257 1429 dormis.
316 1394 398 1429 Iam
428 1392 695 1441 explicandum
729 1399 785 1429 est
813 1392 1024 1439 πρόβλημα,
1056 1390 1085 1427 si
1116 1390 1207 1439 quid
1240 1398 1391 1427 acturus

103 1468 153 1492 es.
211 1455 250 1493 Si
279 1455 426 1504 quaeris
455 1455 548 1504 quid
577 1463 720 1504 putem,
741 1468 811 1503 ego
840 1456 1003 1492 fructum
1033 1461 1135 1502 puto.
1195 1454 1269 1491 Sed
1298 1453 1391 1501 quid

104 1520 250 1556 multa?
306 1520 387 1556 Iam
420 1527 456 1556 te
484 1518 624 1556 videbo
653 1526 690 1556 et
719 1518 889 1567 quidem,
916 1526 956 1555 ut
980 1531 1099 1567 spero,
1129 1518 1177 1554 de
1204 1516 1262 1553 via
1290 1524 1392 1553 recta

48 1595 85 1617 20
103 1583 152 1620 ad
172 1595 243 1619 me.
301 1582 421 1620 Simul
441 1581 542 1619 enim
563 1589 600 1619 et
619 1581 722 1620 diem
742 1580 978 1630 Tyrannioni
1001 1580 1277 1619 constituemus
1304 1587 1340 1618 et
1360 1579 1391 1617 si

103 1644 196 1693 quid
214 1644 330 1682 aliud.

144 1791 216 1825 III
374 1794 442 1825 διν.
461 1795 493 1825 in
515 1794 694 1825 Tusculano
711 1794 804 1824 iiild.
822 1794 895 1824 Iun.
913 1804 941 1823 a.
962 1794 1020 1831 708
1038 1793 1120 1832 l46).

503 1880 669 1912 CICERO
691 1881 865 1911 ATTICO
888 1879 990 1910 SAL.

153 1969 283 2005 Vnum
304 1975 340 2006 te
369 1976 462 2017 puto
483 1968 608 2005 minus
635 1968 819 2005 blandum
842 1980 923 2004 esse
944 1979 1059 2014 quam
1087 1978 1148 2002 me
1171 1972 1217 2010 et,
1240 1965 1271 2002 si
1294 1973 1389 2003 uter·
1407 1979 1424 2006 1

44 2045 80 2077 ²5
101 2044 176 2080 que
195 2039 366 2069 nostrum
387 2040 443 2069 est
462 2032 669 2080 aliquando
689 2033 869 2069 adversus
889 2030 1066 2078 aliquem,
1082 2029 1178 2066 inter
1199 2043 1267 2067 nos
1288 2037 1388 2067 certe

101 2108 312 2144 numquam
332 2108 473 2132 sumus
518 2095 621 2132 Audi
641 2094 752 2143 igitur
768 2107 828 2131 me
849 2095 922 2131 hoc
943 2094 1163 2144 ἀγοητεύτως
1182 2092 1384 2129 dicentem.

103 2159 162 2196 Ne
190 2157 325 2204 vivam,
347 2157 399 2195 mi
428 2157 568 2203 Attice>
588 2157 617 2194 si
647 2156 739 2194 mihi
768 2169 846 2194 non
874 2157 990 2193 modo
1019 2157 1293 2200 Tusculanum,
1321 2155 1387 2192 ubi

144 2268 161 2296 7
179 2268 290 2288 rumor
301 2262 351 2288 est
365 2258 504 2288 Statium
520 2258 666 2288 Murcum
681 2257 778 2287 Orelli
839 2257 858 2286 8
877 2256 1001 2287 delatas
1015 2256 1117 2286 Crat.:
1136 2256 1244 2286 delata
1262 2256 1294 2285 in
1308 2255 1389 2285 ΔΟΙ

103 2310 138 2330 11
157 2301 222 2331 sint
235 2304 258 2331 Σ
273 2312 280 2331 z
300 2301 427 2331 suntM
510 2311 546 2338 15
564 2311 628 2330 non
643 2300 780 2330 CORP:
800 2310 863 2329 om.
880 2305 907 2328 Δ
993 2299 1030 2328 18
1048 2299 1201 2334 fructum]
1218 2302 1386 2336 peractum

99 2342 222 2374 Moser:
247 2343 432 2373 confectum
450 2342 585 2372 Sclzz'itz:
609 2342 752 2372 eluctum
764 2341 862 2371 Ellis:
886 2342 954 2370 fore
967 2345 1074 2371 actum
1089 2342 1164 2372 coni.
1178 2340 1262 2371 Reid
1345 2350 1386 2370 22

99 2386 234 2416 alterum
243 2385 340 2416 huius
348 2390 391 2425 ep.
405 2385 583 2424 exemplum
597 2385 657 2425 (m)
671 2384 830 2414 invenitur
839 2383 872 2413 in
883 2383 923 2413 M
933 2384 994 2413 xvi*
1009 2393 1039 2422 5.
1054 2392 1073 2422 3
1081 2387 1154 2423 post
1162 2393 1222 2414 voc.
1238 2387 1387 2443 gevertar

1241 2426 1300 2455 ⁶6*
