1590 2730
485 162 593 196 EPP.
624 162 699 196 AD
727 163 977 200 ATTICVM
1319 168 1387 202 XI.
1410 167 1468 202 vii

95 267 238 318 Sulpici
265 275 393 306 autem
423 267 622 306 consilium
650 281 728 305 non
752 264 931 317 scripsisti
960 284 1025 307 cur
1055 284 1140 308 meo
1170 285 1246 309 non
1274 280 1376 310 ante·
1393 284 1419 320 4

95 344 265 380 poneres.
323 331 441 378 Quod
466 330 536 368 etsi
562 343 640 367 non
667 338 743 367 tarn
769 331 974 379 gloriosum
995 340 1051 370 est
1070 347 1184 382 quarn
1207 336 1375 381 Catonis,

95 402 223 432 tamen
253 401 290 432 et
323 394 501 443 periculo·
521 407 683 431 vacuum
715 402 770 431 est
801 402 837 431 et
870 396 1012 433 dolore.
1072 399 1292 434 Extremum
1323 406 1378 435 est

95 471 226 496 eorum
256 457 321 506 qui
349 457 388 494 in
416 457 563 494 Achaia
591 464 688 494 sunt.
747 457 779 494 Ii
810 464 937 495 tamen
968 458 1039 507 ipsi
1069 472 1108 496 se
1142 461 1216 497 hoc
1245 460 1378 498 melius

58 534 75 565 5
96 521 238 558 habent
259 533 373 569 quam
402 533 471 557 nos
501 521 606 568 quod
630 527 666 557 et
693 520 800 556 multi
828 528 914 557 sunt
941 535 1018 558 uno
1044 522 1082 558 in
1107 524 1192 560 loco
1218 531 1265 569 et,
1291 537 1378 560 cum

96 585 135 621 in
183 583 331 620 Italiam
369 582 550 628 venerint,
590 583 749 620 domum
788 582 913 619 statim
951 584 1132 621 venerint.
1192 587 1302 623 Haec
1340 593 1379 622 tu

96 659 221 696 perge,
250 653 290 683 ut
319 644 420 691 facis,
452 644 622 693 mitigare
651 652 687 682 et
715 645 875 693 probare
904 658 1019 693 quam
1049 646 1229 694 plurimis.

149 710 266 757 Quod
292 716 329 746 te
356 721 523 754 excusas,
545 721 616 757 ego
642 721 730 745 vero
754 715 790 745 et
814 716 897 746 tuas
926 722 1058 746 causas
1087 723 1206 747 nosco
1233 718 1269 748 et
1296 724 1380 748 mea
1399 719 1421 755 5

96 772 275 810 interesse
295 779 388 821 puto
414 778 451 809 te
474 771 556 808 istic
582 783 665 808 esse
690 772 748 808 vel
775 778 816 808 ut
844 784 932 808 cum
962 771 1005 808 iis
1030 772 1167 820 quibus
1192 773 1381 821 oportebit

41 851 78 872 10
96 848 184 884 agas
214 848 311 883 quae
340 841 449 872 erunt
477 835 626 883 agenda
652 834 700 871 de
730 833 855 880 nobis,
883 842 924 871 ut
955 848 999 871 ea
1031 848 1127 883 quae
1158 836 1275 884 egisti.
1335 838 1380 872 In

97 897 303 947 primisque
332 898 406 934 hoc
434 896 547 934 velim
580 896 869 934 animadvertas.
930 899 1076 935 Multos
1110 911 1191 936 esse
1224 899 1382 936 arbitror

97 961 161 1009 qui
181 962 229 998 ad
251 962 453 998 Caesarem
481 959 685 997 detulerint
704 959 911 997 delaturive
932 960 1005 997 sint
1026 974 1087 998 me
1106 969 1170 998 aut
1190 961 1381 1010 paenitere

97 1023 231 1061 consili
252 1023 326 1061 mei
341 1030 406 1060 aut
427 1036 504 1060 non
525 1023 685 1072 probare
705 1036 802 1071 quae
824 1024 924 1060 fiant.
967 1025 1141 1071 Quorum
1158 1024 1226 1061 etsi
1243 1032 1382 1061 utrum-

97 1101 172 1136 que
197 1100 327 1124 verum
351 1093 417 1132 est,
441 1094 568 1123 tamen
594 1085 642 1123 ab
667 1085 738 1122 illis
764 1085 901 1123 dicitur
923 1086 1053 1123 animo
1076 1100 1097 1123 a
1121 1100 1181 1124 me
1204 1087 1378 1132 alienato,

42 1166 77 1196 15
98 1164 176 1188 non
196 1163 273 1198 quo
293 1149 344 1186 ita
369 1162 452 1186 esse
478 1149 745 1198 perspexerint.
803 1150 877 1186 Sed
898 1150 938 1186 in
958 1163 995 1186 eo
1014 1155 1066 1186 est
1090 1157 1210 1187 totum
1241 1158 1279 1187 ut
1310 1152 1382 1187 hoc

100 1214 242 1251 Balbus
275 1212 458 1250 sustineat
487 1220 524 1249 et
553 1212 702 1261 Oppius
733 1220 769 1249 et
798 1226 930 1250 eorum
960 1213 1099 1250 crebris
1129 1213 1258 1251 litteris
1285 1213 1382 1250 illius

98 1279 272 1315 voluntas
301 1290 388 1325 erga
417 1290 477 1313 me
507 1277 760 1313 confirmetur.
820 1278 869 1313 Et
899 1278 972 1314 hoc
1001 1279 1112 1325 plane
1142 1285 1182 1314 ut
1212 1279 1274 1314 fiat
1303 1277 1384 1314 dili-

97 1340 263 1389 gentiam
293 1339 505 1377 adhibebis.
574 1341 745 1376 Alterum
778 1347 833 1376 est
864 1353 930 1376 cur
959 1347 996 1376 te
1027 1340 1144 1376 nolim
1176 1340 1381 1384 discedere,
1405 1347 1430 1381 6

100 1405 205 1452 quod
234 1402 365 1440 scribis
388 1404 553 1440 Talliam
582 1409 618 1438 te
647 1401 823 1450 fla‘gitare.
881 1403 916 1439 O
946 1416 1023 1439 rem
1054 1403 1254 1440 miseram!
1293 1403 1385 1451 quid

46 1481 82 1502 20
101 1467 262 1504 scribam
290 1474 354 1504 aut
383 1465 475 1514 quid
495 1464 639 1502 velim?
695 1466 814 1502 Breve
843 1465 1191 1511 faciam„lacrimae
1220 1465 1320 1503 enim
1346 1479 1385 1502 se

100 1530 227 1567 subito
265 1530 523 1578 profuderunt.
593 1527 682 1564 Tibi
714 1527 903 1576 permitto,
940 1535 979 1565 tu
1013 1530 1196 1568 consule:
1238 1535 1384 1565 tantum

102 1593 189 1631 vide
218 1607 266 1630 ne
295 1593 368 1630 hoc
399 1599 570 1641 tempore
596 1591 655 1627 isti
686 1591 822 1628 obesse
850 1591 993 1639 aliquid
1023 1591 1150 1639 possit.
1210 1593 1382 1639 Ignosce,

99 1657 259 1695 obsecro
290 1665 336 1695 te.
396 1659 485 1694 Non
521 1670 676 1705 possum
709 1669 796 1704 prae
826 1656 915 1692 fletu
946 1662 982 1691 et
1011 1655 1142 1691 dolore
1172 1654 1313 1691 diutius
1347 1654 1384 1690 in

99 1721 173 1757 hoc
206 1722 292 1758 loco
325 1720 561 1758 commorari.
621 1722 789 1756 Tantum
825 1718 961 1763 dicam,
997 1716 1090 1753 nihil
1122 1716 1213 1753 mihi
1246 1716 1384 1765 gratius

44 1798 79 1829 25
100 1797 181 1821 esse
202 1797 315 1832 quam
337 1785 441 1832 quod
461 1797 543 1821 eam
565 1783 699 1832 diligis.

153 1848 269 1895 Quod
293 1846 433 1884 litteras
460 1846 598 1895 quibus
622 1854 732 1894 putas
759 1859 855 1894 opus
882 1858 963 1882 esse
987 1857 1094 1880 curas
1123 1844 1269 1880 dandas
1296 1842 1385 1879 facis
1405 1854 1425 1891 7

100 1911 314 1947 commode.
374 1909 561 1957 Quintum
590 1909 708 1946 filium
730 1908 805 1945 vidi
836 1908 899 1955 qui
931 1906 1032 1944 Sami
1054 1906 1218 1951 vidisset,
1241 1913 1384 1954 patrem

101 1973 285 2021 Sicyone:
323 1986 485 2021 quorum
520 1971 739 2021 deprecatio
777 1979 831 2008 est
863 1970 991 2008 facilis.
1052 1969 1206 2006 Vtinam
1240 1967 1291 2004 illi
1321 1967 1386 2016 qui

142 2084 161 2112 3
185 2073 309 2113 tamen]
329 2073 401 2103 lzt'nc
416 2073 528 2102 ilerum
547 2082 643 2110 usqne
659 2071 704 2101 ad
721 2081 766 2101 12.
787 2081 797 2099 1
830 2071 971 2105 dixerat)
989 2069 1118 2108 emmgz't
1134 2067 1177 2096 W
1310 2069 1330 2097 6
1354 2068 1386 2097 in

100 2116 172 2146 add.
189 2119 256 2146 velt.
388 2125 404 2152 7
423 2125 526 2154 perge
547 2114 607 2144 W:
642 2124 700 2152 per
723 2112 762 2141 M
902 2122 937 2150 15
962 2122 1034 2141 esse
1056 2111 1098 2140 W
1113 2111 1195 2140 Crat.
1214 2121 1220 2139 τ
1252 2120 1313 2139 om.
1335 2113 1387 2139 ΣΔ

101 2159 133 2188 in
151 2169 189 2188 eo
206 2163 256 2188 est
273 2157 345 2188 add.
364 2157 500 2197 Madvig
515 2157 587 2196 (del.
608 2156 690 2195 Sed)
863 2164 899 2192 19
922 2154 1058 2183 Tulliam
1084 2159 1116 2183 te
1141 2153 1286 2190 flagitare
1307 2152 1383 2182 coni.

106 2200 305 2238 Wesenberg:
340 2205 372 2230 te
400 2200 550 2238 flagitare
575 2199 665 2229 CW:
703 2203 735 2227 et
767 2197 915 2235 flagitare
946 2196 1020 2225 Ml:
1058 2195 1237 2233 efflagitare
1270 2194 1387 2224 M2Es:

101 2243 237 2272 Tulliam
258 2243 405 2280 flagitare
427 2241 634 2281 Malaspina:
665 2246 696 2270 te
722 2240 858 2278 flagitari
876 2239 903 2267 L
922 2239 1060 2277 (mmg.)
1081 2237 1165 2267 codd.
1187 2237 1283 2266 Bosz':
1306 2236 1382 2274 forl.

101 2285 290 2315 Terentiam
307 2285 364 2323 (ita
379 2284 470 2322 Vici.)
489 2289 520 2313 te
538 2283 683 2320 flagitare
791 2292 832 2311 20
855 2282 960 2310 volam
979 2279 1078 2310 Orelli
1174 2289 1213 2308 22
1238 2283 1386 2317 tempore

102 2327 154 2357 isti
170 2327 256 2358 Koclz
274 2339 280 2357 z
303 2327 459 2365 temporis
476 2331 508 2356 te
525 2326 624 2355 M¹W
