1590 2730
61 129 175 165 XIII.
198 129 271 164 viii
548 128 601 164 M.
633 128 794 164 TVLLI
826 127 1121 165 CICERONIS

196 238 393 274 Nolanove
420 235 562 273 venalis
592 235 647 272 sit.
707 235 912 284 Epitomen
943 236 1047 272 Bruti
1079 236 1343 274 Caelianorum
1366 238 1476 275 velim

196 299 286 336 mihi
319 299 444 336 mittas
475 306 511 336 et
544 312 565 335 a
600 298 809 336 Philoxeno
841 300 1036 337 Παναιτίου
1067 300 1147 347 περὶ
1178 301 1353 348 προνοίας.
1421 303 1478 339 Te

197 363 329 401 Idibus
350 362 490 400 videbo
510 375 598 399 cum
620 361 703 399 tuis.

235 506 300 541 IX
435 507 501 539 Scr.
523 509 554 537 in
576 507 757 537 Tusculano
772 508 826 538 xiv
841 508 883 537 K.
902 508 1010 546 Quint.
1031 519 1060 539 a.
1079 518 1136 549 709
1155 508 1233 548 (45).

587 594 754 625 CICERO
784 594 961 625 ATTICO
989 594 1091 626 SAL.

246 681 506 719 Commodum
535 679 760 717 discesseras
788 679 867 716 heri
891 692 979 716 cum
1006 680 1207 717 Trebatius
1231 680 1344 727 venit,
1367 682 1481 730 paulo

194 751 279 793 post
318 743 481 788 Curtius,
522 743 583 780 hic
622 742 810 779 salutandi
849 756 962 780 causa
1000 745 1067 780 sed
1107 744 1245 781 mansit
1289 744 1479 782 invitatus.

194 806 416 844 Trebatium
451 805 651 843 nobiscum
686 805 883 842 habemus.
953 807 1085 844 Hodie
1123 820 1235 844 mane
1267 808 1478 845 Dolabella.

196 871 342 907 Multus
381 882 505 906 sermo
543 870 592 906 ad
632 870 793 905 multum
836 869 949 906 diem.
1016 870 1120 906 Nihil
1161 883 1315 918 possum
1356 871 1482 908 dicere

195 934 448 981 ἐκτενέστερον,
472 931 565 970 nihil
593 933 934 983 φιλοστοργότερον.
993 935 1162 970 Ventum
1193 941 1247 970 est
1277 943 1404 972 tamen
1432 936 1481 972 ad

196 997 394 1044 Quintum.
455 997 579 1033 Multa
617 997 749 1044 ἄφατα,
783 996 966 1047 ἀδιήγητα,
1003 998 1069 1033 sed
1103 1010 1221 1034 unum
1260 997 1340 1035 eius
1377 998 1483 1035 modi

195 1061 300 1109 quod
320 1058 392 1096 nisi
413 1058 596 1096 exercitus
627 1059 750 1099 sciret,
772 1072 849 1096 non
875 1060 992 1096 modo
1013 1059 1144 1096 Tironi
1169 1060 1310 1098 dictare
1340 1062 1406 1098 sed
1436 1074 1483 1097 ne

196 1123 275 1172 ipse
295 1122 451 1171 quidem
473 1123 652 1159 auderem
676 1122 848 1159 scribere.
882 1153 888 1158 .
921 1152 927 1159 .
960 1152 966 1158 .
1000 1123 1074 1159 Sed
1095 1124 1288 1160 hactenus.

248 1187 442 1234 Εὐκαίρως·
457 1187 506 1222 ad
539 1198 599 1222 me
629 1185 741 1229 venit,
775 1198 861 1222 cum
896 1186 1076 1222 haberem
1110 1186 1360 1232 Dolabellam,
1393 1188 1485 1224 Tor-

197 1257 333 1298 quatus
379 1248 731 1296 humanissimeque
781 1249 981 1285 Dolabella
1020 1248 1157 1297 quibus
1194 1250 1317 1287 verbis
1355 1263 1483 1287 secum

197 1314 355 1363 egissem
378 1312 560 1362 exposuit.
603 1313 863 1350 Commodum
886 1312 987 1350 enim
1009 1325 1158 1361 egeram
1174 1312 1485 1362 diligentissime5

198 1391 294 1426 quae
324 1376 517 1425 diligentia
545 1383 649 1425 grata
677 1382 732 1413 est
753 1375 830 1412 visa
855 1377 1062 1424 Torquato.
1120 1378 1155 1412 A
1184 1383 1219 1413 te
1249 1383 1426 1424 exspecto
1456 1376 1485 1412 si

198 1441 290 1489 quid
311 1442 358 1478 de
381 1443 508 1478 Bruto.
568 1441 813 1488 Quamquam
845 1439 975 1476 Nicias
1002 1437 1218 1476 eonfectum
1240 1440 1397 1488 putabat
1418 1441 1485 1477 sed

198 1504 399 1542 divortium
440 1517 517 1541 non
555 1503 718 1552 probari.
785 1505 874 1551 Quo
907 1503 1020 1541 etiam
1059 1503 1177 1551 magis
1215 1504 1345 1541 laboro
1383 1503 1485 1540 idem

197 1570 302 1616 quod
335 1575 386 1605 tu.
444 1567 480 1605 Si
513 1567 605 1616 quid
640 1574 695 1604 est
728 1566 829 1604 enim
861 1567 1092 1613 offensionis,
1128 1568 1221 1604 haee
1255 1580 1311 1604 res
1343 1567 1485 1605 mederi

197 1639 332 1680 potest.

251 1695 349 1732 Mihi
373 1692 561 1744 Arpinum
587 1697 755 1734 eundum
784 1704 850 1734 est.
910 1697 1010 1732 Nam
1036 1703 1072 1732 et
1098 1707 1193 1744 opus
1223 1702 1278 1732 est
1307 1694 1486 1731 constitui

197 1772 218 1795 a
238 1758 348 1795 nobis
375 1758 437 1795 illa
460 1758 654 1807 praediola
674 1767 710 1797 et
730 1772 861 1796 vereor
887 1772 934 1795 ne
960 1758 1123 1795 exeundi
1143 1764 1310 1806 potestas
1337 1769 1414 1793 non
1441 1756 1487 1793 sit

198 1835 285 1858 cum
320 1822 459 1859 Caesar
496 1822 665 1869 venerit3
708 1824 756 1860 de
795 1822 901 1859 cuius
939 1823 1105 1859 adventu
1143 1833 1227 1858 eam
1266 1819 1485 1868 opinionem

200 1885 401 1922 Dolabella
434 1885 549 1922 habet
580 1899 695 1934 quam
726 1893 766 1922 tu
797 1885 1054 1922 coniecturam
1085 1883 1248 1921 faciebas
1283 1896 1327 1920 ex
1355 1882 1485 1920 litteris
1507 1895 1519 1914 2

201 1949 411 1985 Messallae.
482 1950 580 1986 Cum
611 1948 699 1986 illuc
733 1961 872 1986 venero
907 1948 1202 1996 intellexeroque
1237 1946 1328 1995 quid
1360 1945 1486 1994 negoti

199 2011 254 2057 sit,
278 2019 358 2048 tum
379 2013 427 2048 ad
452 2025 547 2060 quos
569 2012 650 2049 dies
671 2012 858 2049 rediturus
879 2011 948 2047 sim
971 2011 1131 2048 scribam
1153 2011 1201 2047 ad
1223 2017 1267 2046 te.

245 2121 256 2139 1
278 2110 447 2140 Nolanove
465 2110 618 2140 Vrsinus:
636 2111 754 2140 nolano
766 2110 806 2138 M
893 2120 929 2139 10
946 2110 1076 2139 tandem
1092 2109 1181 2139 Man.
1277 2119 1310 2138 11
1330 2109 1487 2146 Quintum

203 2152 274 2182 l'ist.
296 2164 302 2182 :
327 2163 390 2190 que
406 2152 447 2181 M
603 2163 639 2190 13
658 2155 732 2192 post
746 2152 888 2182 scribere
909 2151 1113 2182 indicandam
1137 2162 1198 2181 csse
1221 2152 1314 2181 talem
1339 2152 1488 2181 lacunam

199 2195 326 2233 qualem
350 2195 382 2224 in
399 2195 490 2226 Fam.
518 2195 559 2225 iii.
590 2206 637 2225 Io.
672 2205 706 2224 11
734 2195 946 2224 invenem'nms
978 2198 1072 2234 putat
1107 2193 1279 2223 Lehmann
1409 2194 1489 2222 haec

200 2241 272 2266 ante
297 2238 454 2267 hactenus
477 2237 550 2267 add.
579 2237 755 2267 Cratander
894 2246 929 2274 15
953 2236 1253 2274 humanissimeque
1273 2261 1277 2266 .
1296 2259 1302 2266 .
1324 2259 1330 2265 .
1352 2235 1489 2272 diligen-

202 2279 326 2308 tissime
343 2290 425 2317 quae
444 2282 466 2308 Σ
483 2280 519 2309 I:
548 2280 782 2309 humanissime
798 2289 882 2317 quae
901 2279 1016 2318 <ceteris
1031 2279 1171 2319 onn'ssz's)
1191 2284 1217 2307 Δ
1354 2287 1393 2316 25
1418 2287 1489 2306 cum

195 2325 269 2360 post
284 2326 317 2351 tu
334 2322 467 2352 addend.
487 2323 562 2353 coni.
581 2321 695 2352 Lamb.

1505 948 1539 969 10

1507 1579 1545 1600 20
