1690 2710
143 126 248 162 XVI.
270 125 329 161 vii
640 127 693 162 M.
724 126 886 161 TVLLI
917 124 1213 162 CICERONIS

286 233 467 270 maximas
500 231 806 282 vituperationes,
834 245 963 277 unam,
994 244 1109 279 quam
1140 230 1272 267 itinere
1302 227 1479 266 faciendo
1507 240 1569 265 me

286 296 552 345 intellegebam
599 295 799 344 suscipere,
848 293 1123 343 desperationis
1173 306 1218 330 ac
1267 290 1472 329 relictionis
1517 289 1568 327 rei

286 359 461 409 publicae
482 358 633 409 (flentes
657 371 808 396 mecum
828 359 941 406 vulgo
967 356 1222 406 querebantur
1247 354 1386 403 quibus
1414 354 1463 391 de
1483 366 1570 390 meo

286 421 398 460 celeri
419 421 541 460 reditu
562 435 639 459 non
666 419 905 470 probabam),
926 421 1096 466 alteram,
1115 420 1164 457 de
1184 431 1259 467 qua
1279 419 1417 454 Brutus
1443 423 1480 454 et
1505 415 1570 464 qui

287 498 363 523 una
403 492 507 523 erant
545 483 671 535 (multi
716 491 844 521 autem
888 482 1009 532 erant)
1052 481 1300 526 laetabantur,
1339 479 1444 529 quod
1486 491 1605 522 eam:

286 547 602 597 vituperationem
623 546 838 596 effugissem
862 559 922 583 me
942 544 1145 583 existimari
1165 544 1214 581 ad
1235 542 1422 591 Olympia.
1481 543 1571 578 Hoc
1627 532 1632 538 ⁵

286 624 375 648 vero
407 610 501 648 nihil
539 609 684 659 turpius
718 609 852 658 quovis
885 608 938 647 rei
971 607 1147 657 publicae
1185 614 1356 655 tempore
1393 605 1460 643 sed
1498 605 1572 642 hoc

287 675 568 725 ἀναπολόγητον.
619 674 702 722 Ego
722 685 810 710 vero
830 679 957 710 austro
976 670 1111 720 gratias
1131 669 1243 707 miras
1263 668 1328 717 qui
1348 681 1409 705 me
1428 680 1450 705 a
1469 674 1573 704 tanta

287 737 442 774 infamia
460 736 642 774 averterit.

243 802 270 839 6
342 800 584 839 Reversionis
616 801 682 837 has
712 799 902 848 speciosas
931 810 1063 836 causas
1090 797 1208 834 habes
1240 795 1354 832 iustas
1385 794 1465 831 illas
1495 793 1596 842 qui-K

287 865 376 902 dem
410 870 447 901 et
480 875 660 911 magnas3
696 863 764 900 sed
798 863 901 898 nulla
935 860 1067 898 iustior
1101 871 1216 908 quam
1251 858 1355 906 quod
1393 864 1433 894 tu
1470 856 1573 895 idem

286 927 367 965 aliis
397 926 538 971 litteris,
564 925 759 971 ‘Provide‚
781 925 811 962 si
838 924 899 962 cui
928 924 1021 973 quid
1043 923 1214 968 debetur,
1237 929 1277 958 ut
1304 920 1350 958 sit
1378 921 1481 958 unde
1509 933 1575 969 par

288 991 366 1039 pari
395 990 677 1038 respondeatur.
747 988 910 1025 Mirifica
938 987 1040 1025 enim
1077 985 1302 1036 δυσχρηστία
1335 991 1390 1021 est
1423 990 1575 1032 propter

289 1061 432 1091 metum
454 1053 668 1091 armorum.’
725 1053 771 1089 In
798 1053 892 1088 freto
914 1050 1041 1088 medio
1071 1051 1170 1087 hanc
1202 1048 1402 1097 epistulam
1429 1046 1511 1095 legi,
1533 1052 1575 1083 ut

289 1116 381 1166 quid
408 1129 560 1166 possem
587 1115 785 1165 providere
806 1115 843 1152 in
873 1122 1039 1152 mentem
1063 1113 1155 1150 mihi
1181 1125 1259 1150 non
1280 1109 1423 1148 veniret
1443 1108 1514 1146 nisi
1534 1115 1579 1146 ut'
1618 1125 1629 1130 ·

290 1192 466 1229 praesens
489 1193 548 1217 me
569 1178 648 1227 ipse
669 1179 925 1216 defenderem.
985 1177 1060 1215 Sed
1082 1177 1176 1213 haec
1196 1176 1380 1212 hactenus
1394 1187 1405 1220 3
1432 1171 1576 1222 reliqua

290 1256 428 1280 coram.
634 1240 637 1242 ’

251 1313 272 1350 7
344 1305 489 1343 Antoni
516 1305 684 1343 edictum
711 1304 783 1353 legi
808 1317 830 1341 a
855 1306 973 1341 Bruto
1002 1311 1038 1341 et
1069 1305 1204 1342 horum
1235 1311 1366 1341 contra
1395 1303 1575 1353 scriptum

291 1370 505 1418 praeclare3
541 1369 608 1406 sed
637 1367 729 1417 quid
763 1367 833 1405 ista
865 1367 990 1405 edicta
1018 1368 1167 1404 valeant
1199 1374 1264 1404 aut
1297 1380 1375 1416 quo
1405 1374 1576 1416 spectent

291 1432 403 1480 plane
424 1444 501 1469 non
521 1431 644 1469 video.
702 1432 738 1468 N
743 1443 785 1468 ec
805 1443 876 1478 ego
902 1443 1014 1476 nunc,
1037 1437 1078 1467 ut
1107 1432 1246 1468 Brutus
1267 1430 1457 1476 censebat,
1481 1430 1576 1467 istuc

291 1495 339 1532 ad
371 1507 448 1531 rem
480 1494 671 1543 publicam
710 1494 984 1542 capessendam
1023 1494 1146 1532 venio.
1215 1494 1320 1543 Quid
1359 1494 1459 1532 enim
1499 1491 1578 1529 fieri

293 1560 446 1607 potest?
501 1559 604 1596 Num
634 1557 718 1607 quis
749 1556 878 1595 Pisoni
907 1564 962 1595 est
992 1558 1206 1595 adsensus?
1238 1571 1330 1595 num
1359 1557 1469 1596 rediit
1497 1556 1578 1606 ipse

294 1621 502 1671 postridie?
557 1623 632 1660 Sed
676 1622 809 1660 abesse
847 1623 945 1659 hanc
990 1630 1153 1660 aetatem
1198 1624 1310 1671 longe
1347 1635 1368 1659 a
1405 1623 1578 1670 sepulcro

295 1692 434 1733 negant
462 1692 644 1734 oportere.

254 1751 277 1788 8
347 1749 423 1787 Sed
443 1749 603 1786 obsecro
624 1756 673 1796 te,
694 1749 787 1799 quid
815 1758 870 1789 est
892 1753 997 1800 quod
1017 1751 1144 1789 audivi
1171 1751 1219 1789 de
1241 1752 1388 1788 Bruto?
1444 1749 1577 1787 Piliam
1620 1761 1636 1791 5

294 1813 523 1862 πειράζεσθαι
541 1814 745 1862 παραλύσει
765 1821 802 1852 te
823 1815 1014 1865 scripsisse
1035 1814 1170 1853 aiebat.
1227 1815 1352 1852 Valde
1376 1826 1458 1851 sum
1480 1827 1580 1851 com-

296 1883 431 1913 motus.
478 1875 558 1913 Etsi
572 1875 674 1914 idem
689 1883 725 1914 te
741 1877 903 1916 scribere
917 1891 1066 1927 sperare
1081 1877 1224 1915 melius.
1272 1878 1331 1914 Ita
1343 1878 1454 1926 plane
1468 1876 1579 1914 velim

295 1946 331 1977 et
351 1940 387 1976 el
401 1939 505 1977 dicas
531 1939 732 1988 plurimam
755 1942 915 1979 salutem
936 1949 972 1979 et
993 1940 1238 1979 suavissimae
1252 1939 1410 1977 Atticae.
1470 1941 1580 1977 Haec

295 2001 425 2052 scripsi
439 2002 618 2051 navigans
636 2010 849 2053 cumprope
862 2004 1137 2053 Pompeianum
1152 2004 1372 2041 accederem
1387 2014 1477 2039 xlm
1494 2004 1577 2039 Kal.

338 2114 357 2133 2
381 2103 616 2143 intellegebant
649 2104 812 2136 Turnebus
899 2105 1079 2136 relictionis
1095 2103 1292 2134 Beroaldus:
1317 2103 1490 2142 relegionis
1512 2101 1580 2132 M‘:

301 2147 488 2177 reiectionis
507 2146 580 2177 Vict.
711 2157 730 2185 3
755 2148 886 2187 flentes]
915 2153 1031 2178 cuntes
1055 2157 1110 2178 v.c
1142 2146 1216 2176 Vict.
1350 2155 1387 2176 10
1415 2146 1581 2184 speciosas

297 2188 354 2220 dcl.
377 2188 523 2219 Ernesti:
549 2190 741 2228 praecipuas
767 2190 935 2220 Lehmann
1068 2199 1103 2227 15
1128 2193 1161 2218 ut
1186 2187 1314 2218 ZORP
1331 2198 1358 2218 v.
1373 2198 1395 2218 c.
1415 2198 1422 2217 :
1444 2187 1530 2226 quod
1547 2186 1584 2216 M

302 2232 338 2260 16
355 2232 532 2262 defendere
544 2231 659 2261 vellem
675 2231 763 2270 (cum
775 2234 863 2271 quod
874 2241 879 2260 ι
898 2231 980 2262 Reid
1086 2232 1123 2261 18
1146 2242 1163 2261 a
1176 2231 1277 2260 Bruto
1289 2229 1373 2270 vulg.
1386 2241 1392 2259 ε
1413 2229 1452 2259 ab
1464 2234 1535 2259 utro
1547 2228 1585 2258 M

295 2277 365 2312 pos!
382 2273 484 2304 Bruto
502 2273 687 2304 addendum
706 2273 828 2304 videtur
841 2280 873 2304 et
890 2275 1005 2305 Cassio
1026 2275 1159 2303 missum
1176 2272 1225 2303 vel
1236 2272 1337 2302 sisnile
1352 2271 1431 2311 quid
1543 2272 1583 2301 28

299 2321 331 2345 et
348 2315 515 2345 eiBm'ter:
542 2321 574 2346 ct
592 2314 650 2345 M:
676 2316 704 2346 ci
727 2315 908 2356 ll'esenbmg
997 2326 1036 2354 29
1061 2326 1162 2354 prope
1182 2314 1313 2344 Mit'ller:
1337 2324 1400 2344 om.
1418 2313 1500 2344 codd.
1519 2325 1525 2343 z
1551 2314 1581 2342 in

301 2357 462 2388 Corradus
