1795 2745
0 1036 172 1081 “G-uh

2 1053 302 1136 Mys&
312 1068 429 1098 tatem
452 1060 609 1097 attulisti
635 1061 702 1097 sed
731 1049 919 1097 etiam'ad
946 1062 1172 1109 exemplum.
1231 1062 1320 1107 Quo
1340 1061 1440 1096 facto
1460 1059 1601 1096 intelle·
1621 1029 1786 1110 ἫἾ

3 1121 149 1174 μαι.

11 1917 395 1989 ‹mm-&sum
430 1944 502 1980 tuis
540 1952 576 1981 et
593 1935 699 1994 '‘up-55
735 1953 773 2000 ἕ
809 1946 934 1997 alt-eris
967 1947 1108 1984 litteris.
1177 1949 1251 1984 Sed
1282 1954 1402 1984 totum
1438 1959 1477 1983 se
1509 1959 1532 1983 a
1564 1953 1600 1982 te

271 939 294 975 8
313 934 486 971 omnium
506 947 691 971 concessu
712 935 826 971 daret.
885 934 1069 971 Liberasti
1090 934 1199 982 igitur
1225 941 1261 970 et
1281 934 1412 970 urbem
1433 932 1600 981 periculo

165 137 272 173 XIV.
295 137 418 174 xviia
671 137 724 173 M.
755 136 920 172 TVLLI
951 136 1246 173 CICERONIS

312 244 466 293 quidem
497 244 565 281 tibi
594 243 668 281 iam
698 243 810 280 tantis
839 243 952 281 rebus
982 243 1095 292 gestis
1124 256 1201 280 non
1230 243 1284 280 tui
1314 242 1475 280 similem
1504 256 1596 281 esse.

313 307 430 354 Quod
454 319 541 343 cum
569 306 619 343 ita
645 306 700 351 sit,
723 305 888 342 hortatio
917 319 995 343 non
1024 313 1079 342 est
1108 305 1328 351 necessaria,
1350 305 1598 354 gratulatione

312 369 430 418 magis
450 370 635 406 utendum
657 376 722 406 est.
781 368 950 417 Contigit
978 368 1078 405 enim
1104 368 1182 413 tibi,
1205 369 1309 416 quod
1330 369 1432 405 haud
1453 367 1531 405 scio
1549 381 1599 405 an

313 432 469 478 nemini,
490 440 530 469 ut
549 445 698 468 summa
718 432 893 469 severitas
919 431 1256 469 animadversionis
1283 444 1362 468 non
1382 432 1499 468 modo
1519 443 1597 467 non

312 494 498 532 invidiosa
524 495 591 531 sed
615 494 728 531 etiam
757 494 947 543 popularis
977 501 1074 531 esset
1103 502 1139 531 et
1167 507 1254 531 cum
1281 493 1392 530 bonis
1418 493 1596 530 omnibus
1615 506 1632 537 5

312 564 391 594 tum
414 557 546 594 infimo
566 557 704 605 cuique
723 557 942 605 gratissima.
1002 559 1091 594 Hoc
1118 557 1147 593 si
1174 557 1241 593 tibi
1262 558 1411 593 fortuna
1431 556 1596 604 quadam

311 620 541 668 contigisset,
572 622 774 668 gratularer
806 620 973 658 felicitati
1008 627 1103 665 tuae,
1136 621 1202 657 sed
1231 618 1388 667 contigit
1417 617 1599 667 magnitu-

312 682 402 720 dine
433 696 550 731 quom
580 683 697 720 animi
730 691 811 720 tum
849 684 962 720 etiam
996 683 1122 731 ingeni
1160 690 1273 731 atque
1307 682 1450 720 consili.
1508 680 1600 729 Legi

312 745 415 782 enirn
449 745 669 783 contionem
703 753 816 782 tuam.
875 746 981 783 Nihil
1019 745 1081 782 illa
1118 745 1334 793 sapientius.
1393 746 1451 781 Ita
1488 745 1600 792 pede-

313 808 486 857 temptim
516 815 552 845 et
584 808 769 856 gradatim
800 816 880 845 turn
913 821 1087 845 accessus
1116 822 1138 844 a
1165 816 1201 845 te
1231 809 1280 844 ad
1313 820 1465 844 causam
1499 806 1596 851 facti,
1621 822 1657 843 ιο

313 879 393 908 tum
423 884 602 917 recessuS‚
631 878 672 907 ut
700 884 757 907 res
786 871 867 919 ipsa
895 871 1148 908 maturitatem
1178 871 1245 907 tibi
1273 868 1600 907 animadvertendi

313 1005 349 1035 et
376 997 565 1034 civitatem
593 1004 696 1033 metu
726 1010 850 1045 neque
874 998 996 1034 solum
1007 986 1072 1050 '‘Q-i
1101 1004 1250 1050 te-mpus
1279 996 1480 1033 maximam
1507 974 1746 1032 utili-'‘⁵⁴¹⁴‘'

312 1138 399 1173 gere
428 1125 546 1161 debes
575 1124 613 1160 in
642 1131 678 1161 te
708 1124 870 1172 positam
900 1137 981 1161 esse
1012 1137 1090 1161 rem
1124 1124 1317 1172 publicam
1347 1123 1491 1171 tibique
1521 1135 1599 1159 non
1621 1136 1656 1167 15

313 1189 430 1225 modo
468 1188 631 1224 tuendos
669 1188 735 1224 sed
767 1187 879 1224 etiam
918 1188 1110 1224 ornandos
1148 1187 1230 1224 illos
1268 1187 1365 1223 viros
1402 1199 1425 1223 a
1461 1185 1599 1234 quibus
1646 1233 1653 1240 .

312 1251 462 1288 initium
492 1250 672 1288 libertatis
702 1252 914 1299 profectum
944 1258 1009 1288 est.
1067 1252 1142 1288 Sed
1172 1251 1229 1287 his
1258 1251 1306 1287 de
1334 1249 1446 1287 rebus
1472 1261 1599 1286 coram

312 1316 419 1363 plura
448 1328 565 1363 prope
595 1314 708 1359 diem,
737 1322 777 1351 ut
812 1327 931 1362 spero.
990 1316 1050 1351 Tu
1079 1313 1261 1362 quoniam
1295 1326 1373 1350 rem
1407 1312 1599 1361 publicam

311 1390 459 1425 nosque
488 1390 698 1422 conservas,
722 1378 779 1414 fac
806 1384 846 1414 ut
870 1377 1157 1425 diligentissime
1186 1384 1222 1413 te
1252 1376 1385 1424 ipsum,
1416 1375 1466 1411 mi
1489 1376 1601 1411 Dola-

312 1440 421 1484 bella,
443 1439 646 1477 custodias.
1620 1451 1659 1472 20

354 1580 510 1615 XVIII
569 1583 635 1614 Ser.
654 1585 686 1614 in
704 1583 899 1623 Pompeiano
916 1585 960 1614 vii
973 1584 1022 1615 Id.
1042 1585 1120 1615 Mai.
1142 1596 1170 1616 a.
1191 1595 1245 1623 710
1264 1584 1347 1624 (44)

705 1670 875 1700 CICERO
906 1670 1073 1700 ATTICO
1105 1671 1205 1701 SAL.

277 1767 294 1793 1
365 1755 522 1804 Saepius
560 1769 620 1793 me
659 1756 732 1793 iam
771 1757 888 1805 agitas
926 1759 1031 1805 quod
1072 1771 1150 1795 rem
1194 1765 1338 1806 gestam
1377 1756 1600 1793 Dolabellae

312 1818 424 1854 nimis
459 1819 496 1854 in
530 1821 677 1856 caelum
710 1819 838 1856 videar
871 1822 1010 1858 efferre.
1079 1823 1161 1870 Ego
1192 1829 1331 1865 autem,
1366 1833 1600 1868 quamquam

312 1894 403 1918 sane
423 1882 545 1929 probo
561 1883 712 1927 factum,
729 1890 857 1920 tamen
878 1892 918 1920 ut
938 1891 1044 1921 tanto
1064 1897 1178 1933 opere
1198 1886 1391 1921 laudarem
1411 1884 1600 1920 adductus
1621 1895 1657 1926 25

311 2007 538 2044 abalienavit
579 2008 779 2046 Dolabella
817 2023 860 2046 ea
898 2012 946 2048 de
983 2024 1096 2048 causa
1134 2024 1209 2059 qua
1246 2023 1307 2047 me
1338 2022 1491 2058 quoque
1528 2008 1600 2046 sibi

313 2070 616 2107 inimicissimum
646 2071 820 2109 reddidit.
880 2074 914 2110 O
944 2074 1139 2111 hominem
1169 2073 1455 2121 impudentem!
1513 2073 1597 2109 Kal.

314 2134 393 2170 Ian.
417 2134 562 2179 debuit,
591 2136 717 2171 adhuc
747 2148 824 2172 non
854 2137 973 2183 solvit,
1002 2137 1220 2186 praesertim
1250 2150 1336 2173 cum
1366 2149 1405 2172 se
1434 2135 1600 2172 maximo

355 2236 374 2264 8
407 2235 521 2274 quom]
540 2235 795 2275 cumf(j)1'nelc1¹
814 2236 864 2266 H¹
891 2240 950 2277 qui
966 2239 1099 2279 omittit)
1117 2237 1267 2268 EORM⁴2
1283 2249 1290 2268 τ
1313 2248 1408 2276 quam
1426 2236 1476 2266 M¹
1493 2248 1500 2267 :
1523 2247 1599 2275 qua-

312 2277 385 2306 dam
411 2276 501 2308 M2‘s:
529 2277 666 2315 quadam
684 2288 754 2307 cum
772 2279 842 2309 Ber.
860 2279 1029 2310 Lehmann
1194 2292 1231 2311 10
1255 2285 1286 2310 et
1303 2280 1460 2318 gradatim
1470 2280 1508 2317 s:
1532 2289 1595 2308 0111.

312 2318 396 2347 codd.
544 2320 585 2348 26
608 2323 641 2348 tc
658 2329 676 2348 a
692 2330 728 2349 se
745 2320 871 2351 Ernesti
1009 2333 1047 2360 27
1073 2325 1186 2353 eadem
1203 2333 1298 2352 causa
1317 2321 1426 2351 Baiter
1559 2322 1600 2349 28

314 2361 532 2398 impudentem
552 2365 574 2390 Σ
590 2372 616 2390 v.
634 2372 654 2390 c.
676 2362 702 2390 L
726 2365 861 2401 *margA
879 2376 885 2394 ι
910 2367 1088 2402 pudentem
1112 2372 1138 2395 Δ
