1590 2730
26 130 122 167 XII.
146 130 286 165 xxviii
524 131 579 166 M.
609 130 774 166 TVLLI
803 129 1101 167 CICERONIS

174 237 340 276 fecerim.
416 240 631 276 Maerorem
673 237 804 284 minui,
843 239 1016 275 dolorem
1052 250 1124 275 nec
1160 236 1269 286 potui
1304 249 1386 283 nec,
1425 234 1458 274 si

174 315 336 350 possem,
359 304 505 339 vellem.

133 372 156 408 3
229 368 287 403 De
307 365 452 402 Triario
473 367 571 403 bene
591 365 844 414 interpretaris
860 367 1094 403 voluntatem
1107 378 1242 402 meam.
1289 365 1350 401 Tu
1369 376 1458 400 vero

174 427 267 464 nihil
297 427 367 482 nisi
397 436 436 465 ut
465 428 516 464 illi
545 430 684 465 volent.
742 430 843 465 Amo
871 427 978 465 illum
1008 435 1211 473 mortuum,
1244 434 1344 464 tutor
1374 439 1459 463 sum

173 490 310 535 liberis,
344 498 461 527 totam
492 492 651 528 domum
686 490 812 539 diligo.
874 493 932 528 De
965 490 1200 529 Castriciano
1233 489 1396 538 negotio,
1428 488 1494 531 si5

174 554 379 592 Castricius
408 568 475 602 pro
506 554 704 602 mancipiis
734 554 936 602 pecuniam
966 553 1139 602 accipere
1167 554 1268 590 volet
1297 565 1459 600 eamque

174 618 254 657 †ei†
276 617 369 654 solvi
390 624 429 653 ut
451 630 552 654 nunc
573 616 739 662 solvitur,
763 625 863 654 certe
892 617 986 653 nihil
1007 624 1062 654 est
1083 616 1333 653 commodius.
1392 615 1459 652 Sin

174 687 299 717 autem
323 679 371 716 ita
391 686 518 716 actum
545 687 601 716 est
627 687 669 716 ut
694 679 776 727 ipsa
802 679 991 728 mancipia
1019 680 1236 724 abduceret,
1259 692 1336 715 non
1365 677 1458 714 mihi

173 743 322 779 videtur
350 756 432 779 esse
460 756 624 791 aequum
648 743 771 791 (rogas
798 742 900 779 enim
925 756 985 779 me
1015 750 1056 779 ut
1082 741 1150 779 tibi
1174 741 1336 778 scribam
1366 740 1459 788 quid

174 806 266 842 mihi
280 806 465 853 videatur)
483 820 491 850 3
520 807 610 842 nolo
626 805 728 842 enim
745 805 872 853 negoti
887 806 1075 852 Quintum
1089 807 1239 842 fratrem
1253 804 1458 852 quicquam
1481 814 1517 835 10

173 870 313 906 habere
331 883 337 913 ;
366 870 470 917 quod
486 869 616 905 videor
637 868 730 904 mihi
750 868 977 905 intellexisse
998 868 1066 905 tibi
1081 867 1199 905 videri
1219 867 1331 904 idem.
1390 868 1461 903 Pu-

174 931 309 976 blilius,
333 931 362 967 si
382 930 667 978 aequinoctium
689 938 891 978 exspectat,
908 938 948 967 ut
968 930 1099 967 scribis
1120 929 1300 967 Aledium
1321 929 1457 975 dicere,

173 994 413 1042 navigaturus
427 993 584 1030 videtur.
619 993 716 1030 Mihi
730 1000 858 1030 autem
875 993 1017 1030 dixerat
1033 1007 1099 1041 per
1115 992 1290 1031 Siciliam.
1323 994 1459 1028 Vtrum

173 1064 209 1094 et
229 1058 384 1105 quando
404 1056 515 1094 velim
538 1056 641 1093 scire.
706 1058 754 1093 Et
774 1056 886 1093 velim
907 1056 1124 1104 aliquando,
1147 1069 1235 1093 cum
1255 1055 1323 1092 erit
1351 1062 1464 1097 tuum,

173 1122 431 1165 commodum,
469 1121 675 1157 Lentulum
706 1133 867 1168 puerum
902 1119 1000 1156 visas
1034 1119 1145 1168 eique
1177 1120 1227 1156 de
1260 1117 1459 1167 mancipiis
1481 1127 1516 1158 15

173 1198 270 1233 quae
291 1183 359 1220 tibi
379 1182 569 1220 videbitur
588 1182 780 1220 attribuas.
837 1181 965 1228 Piliae,
989 1181 1138 1220 Atticae
1157 1183 1328 1219 salutem.

216 1326 366 1361 XXIX
390 1359 392 1363 ,
481 1328 547 1359 Ser.
567 1329 711 1359 Asturae
726 1329 831 1359 v1'1'iK.
849 1328 929 1368 Apr.
946 1340 976 1360 a.
996 1338 1053 1369 709
1070 1328 1150 1368 (45).

565 1414 730 1444 CICERO
755 1414 931 1444 ATTICO
960 1413 1064 1444 SAL.

139 1512 156 1539 1
226 1501 348 1547 Silius,
371 1509 412 1539 ut
441 1501 583 1547 scribis,
605 1501 730 1538 hodie.
789 1502 881 1539 Cras
908 1500 1018 1548 igitur
1040 1501 1098 1537 vel
1124 1500 1251 1549 potius
1280 1514 1368 1538 curn
1397 1514 1462 1550 po-

174 1565 261 1601 teris
292 1564 442 1610 scribes,
475 1564 504 1601 si
536 1564 628 1612 quid
658 1564 724 1600 erit
755 1577 843 1600 cum
869 1563 1016 1600 videris.
1086 1565 1169 1600 Nec
1200 1577 1269 1612 ego
1300 1566 1459 1601 Brutum
1481 1577 1520 1599 20

174 1627 252 1664 vito
281 1641 351 1664 nec
371 1635 498 1664 tamen
519 1628 567 1664 ab
589 1640 634 1664 eo
655 1626 883 1663 levationem
900 1628 1016 1663 ullam
1036 1634 1239 1674 exspecto,
1268 1628 1335 1664 sed
1356 1634 1461 1664 erant

175 1704 311 1728 causae
338 1704 402 1727 cur
428 1692 501 1728 hoc
529 1698 699 1738 tempore
726 1689 808 1726 istic
829 1702 911 1726 esse
931 1691 1083 1726 nollem.
1142 1691 1252 1737 Quae
1278 1690 1308 1727 si
1338 1703 1463 1727 mane-

175 1755 281 1800 bunt,
305 1755 522 1802 quaerenda
548 1753 616 1790 erit
636 1752 828 1790 excusatio
857 1753 906 1790 ad
936 1754 1094 1790 Brutum
1125 1760 1172 1799 et,
1194 1761 1235 1790 ut
1263 1767 1365 1791 nunc
1393 1760 1458 1798 est,

176 1830 375 1854 mansurae
391 1816 574 1854 videntur.

134 1890 158 1918 2
230 1882 289 1917 De
318 1880 448 1926 hortis,
477 1893 632 1928 quaeso,
665 1879 819 1928 explica.
879 1880 1005 1928 Caput
1037 1878 1129 1916 illud
1159 1887 1214 1916 est
1243 1881 1347 1928 quod
1376 1879 1458 1917 scis.
1482 1891 1519 1923 25

176 1943 353 1991 Sequitur
379 1950 420 1980 ut
448 1942 562 1980 etiam
595 1942 687 1979 mihi
716 1942 786 1991 ipsi
818 1942 1002 1990 quiddam
1032 1955 1127 1991 opus
1157 1942 1226 1988 sit,
1259 1956 1330 1980 nec
1359 1942 1461 1980 enim

177 2020 259 2044 esse
282 2006 320 2043 in
348 2006 456 2043 turba
480 2019 635 2055 possum
662 2019 733 2043 nec
752 2019 775 2042 a
794 2005 901 2043 vobis
925 2006 1068 2043 abesse.
1128 2005 1231 2042 Huic
1261 2019 1347 2043 meo
1376 2019 1463 2043 con-

178 2069 262 2107 silio
299 2069 392 2106 nihil
425 2069 570 2118 reperio
599 2069 671 2106 isto
699 2071 785 2106 loco
815 2068 938 2117 aptius
970 2076 1005 2105 et
1036 2070 1084 2106 de
1118 2070 1188 2106 hac
1218 2082 1256 2106 re
1285 2069 1378 2117 quid
1409 2068 1462 2106 tui

223 2180 238 2208 7
264 2170 309 2210 ei]
327 2170 375 2200 eis
391 2180 418 2199 v.
436 2180 457 2199 c.
475 2180 482 2199 t
515 2169 574 2199 sibi
591 2168 618 2198 L
637 2168 770 2208 (marg.)
789 2168 983 2198 Asceusins:
1016 2168 1060 2198 ita
1082 2167 1199 2207 Tyrrell
1342 2180 1374 2198 11
1402 2169 1462 2199 Pu-

179 2212 286 2242 blilius
302 2212 419 2242 Bosius
436 2224 441 2241 :
465 2212 596 2242 Publius
612 2210 650 2240 M
804 2221 840 2240 12
864 2211 972 2240 dicere
989 2214 1057 2241 vett.
1072 2222 1078 2240 :
1103 2211 1221 2240 ducere
1239 2211 1279 2240 M
1426 2212 1464 2241 16

182 2254 282 2284 Piliae
300 2259 332 2284 et
349 2254 477 2284 Atticae
502 2258 568 2284 wll.
687 2263 723 2292 19
746 2256 817 2282 ante
832 2253 883 2283 vel
900 2253 1014 2282 habent
1029 2263 1103 2282 eum
1121 2253 1150 2282 O
1165 2263 1194 2284 v.
1213 2263 1236 2284 c.
1254 2247 1306 2292 ΖΙ),
1325 2263 1397 2283 cum
1415 2254 1460 2292 M,

182 2296 264 2325 unde
284 2301 317 2325 tu
341 2296 436 2325 Klots
454 2295 511 2329 (ed.
534 2296 564 2331 1)
661 2296 701 2324 28
721 2298 794 2335 post
814 2303 848 2324 re
868 2294 990 2333 aliquid
1008 2294 1090 2324 velut
1104 2295 1199 2324 velim
1216 2295 1300 2325 scire
1320 2295 1462 2333 (Mz't'ller)

180 2338 229 2368 vel
250 2337 379 2375 requiro
390 2339 505 2376 perisSe
521 2337 643 2367 videtur
