1690 2710
542 121 651 157 EPP.
682 122 758 157 AD
786 122 1039 159 ATTICVM
1339 124 1445 160 XVI.
1466 135 1524 160 xv

187 246 269 281 XV
399 248 466 280 Scr.
482 249 515 279 in
531 248 688 289 Arpinati
699 253 771 279 ante
785 259 804 279 v
818 248 865 280 Id.
885 249 956 280 Dec.
976 260 1004 280 a.
1026 259 1081 288 710
1098 251 1183 291 (44).

535 326 703 365 ‘CICERO
732 335 763 363 A
774 334 907 365 TTJCO
937 335 1039 366 SAL.

198 421 288 460 Noli
324 429 456 471 putare
493 420 640 471 pigritia
675 434 738 459 me
776 422 899 459 facere
936 423 1042 470 quod
1078 436 1157 460 non
1194 436 1280 461 mea
1315 436 1430 461 manu
1451 436 1467 462 1

145 483 320 531 scribam,
341 486 408 522 sed
436 497 498 522 me
518 485 672 522 hercule
696 483 853 533 pigritia.
917 485 1024 522 Nihil
1048 485 1150 522 enim
1179 486 1304 523 habeo
1329 487 1432 523 aliud

108 566 124 595 5
145 549 250 595 quod
280 547 427 596 dicam..
478 548 527 584 Et
559 554 687 584 tamen
721 547 759 584 in
790 547 863 584 tuis
896 561 1051 596 quoque
1083 548 1253 597 epistulis
1283 549 1432 586 Alexim

144 610 275 647 videor
299 623 514 658 agnoscere.
571 611 647 647 Sed
671 611 721 647 ad
747 624 825 648 rem
849 610 971 648 venio.

198 675 280 721 Ego
308 672 337 709 si
367 686 428 710 me
456 686 535 710 non
563 672 844 722 improbissime
872 675 1074 712 Dolabella
1099 682 1304 720 tractasset,
1326 675 1434 712 dubi-

145 743 282 773 tassem
304 737 461 773 fortasse
484 743 610 773 utrum
637 736 827 774 remissior
852 750 974 775 essem
998 750 1047 774 an
1073 750 1225 774 summo
1245 737 1323 774 iure
1346 750 1434 775 con-

144 799 350 835 tenderem.
409 800 524 836 Nunc
547 812 636 836 vero
662 799 775 837 etiam
802 801 952 848 gaudeo
976 800 1068 837 mihi
1088 813 1242 837 causam
1266 801 1433 837 oblatam

90 874 125 895 ιο
144 859 182 897 in
208 874 284 909 qua
311 869 348 898 et
371 861 452 910 ipse
483 861 619 899 sentiat
648 870 685 900 et
715 862 849 911 reliqui
879 876 1013 900 omnes
1040 876 1101 900 me
1128 863 1177 900 ab
1206 863 1270 900 illo
1298 863 1434 900 abalie-

143 931 288 970 natum,
308 923 425 972 idque
445 937 534 973 prae
558 938 619 962 me
640 926 755 962 feram
779 930 844 965 †et
864 925 1021 974 quidem
1042 939 1103 963 me
1122 938 1237 962 causa
1255 927 1378 963 facere
1397 933 1434 963 et

142 985 194 1022 rei
218 986 394 1034 publicae
421 986 510 1027 cui†
531 986 637 1024 illum
664 988 822 1033 oderim,
845 989 961 1037 quod,
983 1001 1071 1025 cum
1091 1001 1175 1026 eam
1196 1001 1258 1025 me
1279 996 1434 1026 auctore

142 1049 348 1087 defendere
377 1049 575 1098 coepisset,
605 1063 682 1088 non
713 1043 830 1088 modo
858 1050 1065 1089 deseruerit
1093 1059 1243 1100 emptus
1271 1051 1434 1100 pecunia

141 1113 208 1149 sed
235 1111 359 1158 etiam,
386 1120 572 1161 quantum
600 1113 638 1150 in
669 1113 751 1162 ipso
777 1113 900 1160 fuerit,
919 1113 1104 1152 everterit.
1160 1115 1278 1161 Quod
1305 1122 1431 1152 autem
1451 1126 1475 1153 2

89 1187 121 1218 ¹5
141 1175 290 1223 quaeris
319 1189 396 1224 quo
425 1177 544 1214 modo
576 1176 635 1226 agi
668 1178 826 1226 placeat,
854 1190 942 1214 cum
976 1176 1057 1214 dies
1087 1176 1240 1222 venerit,
1268 1177 1432 1226 primum

141 1238 253 1276 velim
274 1239 354 1277 eius
375 1239 481 1277 modi
504 1238 552 1277 sit
571 1246 612 1276 ut
636 1253 714 1277 non
740 1240 907 1277 alienum
934 1239 980 1276 sit
1000 1252 1061 1277 me
1082 1241 1232 1277 Romae
1251 1252 1357 1287 esse;
1384 1241 1433 1278 de

140 1315 217 1351 quo
237 1310 278 1339 ut
298 1303 347 1340 de
367 1302 501 1340 ceteris
521 1301 657 1340 faciam
678 1310 719 1340 ut
739 1310 778 1339 tu
800 1302 1002 1340 censueris.
1058 1304 1117 1339 De
1137 1315 1286 1340 summa
1305 1310 1432 1340 autem

138 1364 198 1414 agi
235 1378 386 1414 prorsus
424 1366 671 1403 vehementer
708 1373 745 1403 et
782 1378 910 1402 severe
948 1366 1046 1403 volo.
1115 1365 1198 1402 Etsi
1230 1378 1433 1414 sponsores

138 1430 328 1477 appellare
365 1428 514 1466 videtur
556 1429 697 1466 habere
740 1430 934 1477 quandam
972 1429 1163 1475 δυσωπίαν,
1197 1436 1325 1466 tamen
1357 1430 1432 1468 hoc

84 1502 119 1523 20
139 1493 250 1540 quale
277 1492 324 1529 sit
348 1492 566 1530 consideres
595 1491 720 1529 velim.
779 1494 988 1529 Possumus
1018 1492 1131 1538 enim,
1159 1499 1201 1530 ut
1229 1505 1431 1541 sponsores

138 1556 384 1603 appellemus,
401 1562 685 1604 procuratorem
706 1554 971 1602 introducere3
994 1568 1119 1604 neque
1139 1555 1240 1592 enim
1258 1555 1309 1592 illi
1324 1555 1428 1593 litem

137 1618 462 1656 contestabuntur.
516 1620 606 1666 Quo
625 1620 725 1656 facto
747 1632 824 1656 non
845 1631 929 1655 sum
949 1618 1099 1656 nescius
1119 1631 1321 1667 sponsores
1341 1618 1430 1656 libe-

137 1681 217 1718 rari.
278 1683 353 1719 Sed
377 1690 414 1720 et
437 1682 489 1719 illi
514 1689 622 1731 turpe
645 1681 805 1719 arbitror
833 1694 879 1718 eo
908 1682 1064 1719 nomine
1092 1682 1197 1730 quod
1226 1681 1314 1718 satis
1338 1683 1429 1719 dato

136 1744 275 1781 debeat
296 1752 557 1792 procuratores
578 1745 658 1782 eius
679 1758 757 1782 non
778 1744 997 1790 dissolvere,
1012 1752 1049 1781 et
1069 1751 1220 1781 nostrae
1238 1744 1429 1792 gravitatis

81 1818 117 1848 25
136 1805 193 1843 ius
213 1814 384 1844 nostrum
408 1807 490 1845 sine
515 1821 664 1845 summa
684 1807 782 1845 illius
803 1807 1011 1856 ignominia
1030 1807 1216 1856 persequi.
1275 1808 1333 1845 De
1354 1809 1427 1846 hoc

135 1869 228 1917 quid
257 1871 403 1918 placeat
432 1870 614 1908 rescribas
640 1870 778 1916 velim3
816 1884 887 1907 nec
916 1870 1051 1907 dubito
1080 1869 1172 1918 quin
1201 1870 1274 1908 hoc
1303 1877 1426 1908 totum

134 1932 255 1969 lenius
280 1933 609 1971 administraturus
635 1934 696 1972 sis.

187 1997 322 2034 Redeo
341 1998 390 2034 ad
411 2010 490 2034 rem
510 1996 714 2046 publicam.
757 1999 881 2035 Multa
902 2010 962 2034 me
982 1998 1135 2034 hercule
1154 2009 1176 2034 a
1196 2003 1232 2034 te
1251 2010 1365 2046 saepe
1384 1997 1422 2034 in
1441 2005 1466 2042 3

132 2061 304 2110 πολιτικῷ
326 2073 463 2109 genere
486 2062 692 2109 prudenter
718 2062 786 2099 sed
812 2061 871 2099 his
895 2060 1027 2099 litteris
1056 2060 1150 2097 nihil
1176 2060 1422 2109 prudentius:

179 2171 190 2190 1
218 2161 250 2190 in
276 2161 428 2200 Arpinati
453 2162 538 2201 vulg.
560 2173 567 2192 :
590 2162 733 2192 Asturae
757 2162 874 2192 Gurlitt
1004 2172 1038 2192 11
1065 2167 1098 2191 et
1122 2162 1269 2201 quidem]
1294 2167 1327 2192 et
1349 2162 1422 2192 fidei

132 2204 208 2234 com‘.
228 2202 361 2234 Miiller:
386 2203 442 2234 del.
463 2204 547 2234 Reid
597 2214 648 2234 me
666 2204 735 2234 Ml:
760 2214 833 2234 mea
850 2204 925 2234 M2:
950 2214 1000 2233 me
1018 2214 1089 2233 mea
1106 2203 1217 2234 Baiter
1292 2213 1329 2234 12
1354 2205 1421 2244 cui]

132 2251 167 2275 ut
196 2245 323 2275 Baiter:
359 2255 418 2275 cur
449 2246 565 2276 Mam:
601 2247 656 2285 qui
686 2247 763 2277 coni.
791 2246 874 2278 Boot
1022 2257 1057 2284 14
1093 2246 1203 2285 suerit]
1234 2246 1294 2276 suit
1324 2247 1421 2277 Rcm.

133 2297 169 2317 21
195 2288 398 2327 appellemus
419 2287 517 2318 Orelli
533 2288 602 2329 (sed
614 2289 721 2319 conicit
736 2299 802 2318 non
823 2288 1043 2328 appellemus)
1057 2300 1063 2319 :
1087 2288 1291 2327 appellemur
1306 2285 1344 2317 Z!
1364 2288 1420 2319 M:

131 2330 339 2368 appellentur
360 2330 479 2360 Bosius
604 2332 645 2361 26
668 2341 728 2361 nec
746 2325 865 2362 FCZb:
888 2336 920 2361 et
938 2330 975 2359 M
