1590 2730
566 159 674 196 EPP.
705 159 781 196 AD
810 159 1060 197 ATTICVM
1349 163 1415 200 IX.
1439 162 1499 198 vii
1515 176 1536 199 A

147 282 231 308 eam
251 277 356 307 tuam
383 281 467 306 esse
488 266 712 316 dignitatern
739 280 864 316 neque
893 267 1010 305 fidem
1038 268 1217 306 omnibus
1238 269 1429 318 cognitam

147 340 189 370 ut
216 339 348 370 contra
373 333 605 377 alterutrum,
627 344 715 368 cum
744 330 893 379 utrique
921 331 970 368 sis
1000 331 1163 369 maxime
1183 333 1430 380 necessarius,

145 409 250 433 arma
279 397 384 442 feras,
420 402 457 432 et
489 396 563 432 hoc
599 408 679 432 non
716 394 936 432 dubitamus
974 395 1066 443 quin
1099 396 1238 433 Caesar
1266 410 1334 446 pro
1363 410 1430 434 sua

147 459 382 497 humanitate
419 458 583 496 maxime
620 458 666 495 sit
703 457 940 507 probaturus.
1011 460 1093 496 Nos
1130 467 1267 506 tamen,
1301 460 1332 497 si
1361 460 1429 498 tibi

109 537 125 568 5
145 522 344 568 videbitur,
376 523 425 559 ad
457 522 659 560 Caesarem
692 521 901 558 scribemus
934 529 975 558 ut
1008 535 1079 559 nos
1111 522 1288 560 certiores
1317 523 1430 560 faciat

145 585 238 635 quid
257 587 300 622 de
318 586 389 623 hac
409 599 447 623 re
466 592 618 622 acturus
638 584 694 621 sit.
753 586 788 621 A
815 598 892 633 quo
918 584 948 621 si
974 585 1043 622 erit
1062 585 1173 623 nobis
1194 586 1427 635 rescriptum,

145 649 272 687 statim
292 662 390 697 quae
410 647 616 685 sentiemus
632 649 681 684 ad
697 654 733 684 te
749 647 958 685 scribemus
979 656 1016 685 et
1032 648 1099 685 tibi
1116 650 1231 686 fidem
1248 649 1430 686 faciemus

145 725 214 749 nos
252 724 296 748 ea
333 712 491 748 suadere
529 723 626 758 quae
664 710 776 747 nobis
808 710 984 747 videntur
1014 718 1101 748 tuae
1133 711 1320 760 dignitati,
1353 725 1431 749 non

146 774 318 813 Caesaris
346 773 488 811 actioni
518 786 601 810 esse
630 773 844 820 utilissima,
867 780 904 811 et
930 775 1004 811 hoc
1034 775 1238 813 Caesarem
1267 788 1335 825 pro
1365 790 1432 813 sua

91 852 128 873 10
145 837 382 887 indulgentia
401 837 440 874 in
460 850 549 874 suos
569 837 818 886 probaturum
839 844 1027 886 putamus.

769 961 810 998 B.

406 1044 471 1076 Ser.
489 1045 613 1075 Romae
628 1055 647 1075 v
663 1048 720 1075 aut
734 1045 765 1075 iv
780 1045 827 1075 ld.
845 1045 941 1076 Mart.
961 1056 990 1078 a.
1012 1056 1064 1085 705
1077 1047 1160 1087 (49).

461 1119 636 1149 BALBVS
660 1119 878 1150 CICERONI
905 1120 995 1151 IMP.
1020 1121 1115 1152 SAL.

197 1192 231 1228 S.
254 1192 299 1227 V.
324 1192 364 1226 B.
386 1191 436 1227 E.
495 1192 632 1227 Postea
652 1203 766 1238 quam
787 1189 927 1227 litteras
953 1190 1168 1228 communis
1196 1204 1284 1229 cum
1306 1190 1434 1240 Oppio
1452 1203 1469 1230 1

90 1266 124 1297 15
145 1254 193 1290 ad
221 1261 258 1290 te
291 1253 390 1298 dedi,
419 1253 467 1290 ab
497 1254 659 1291 Caesare
688 1253 888 1301 epistulam
921 1254 1051 1302 accepi
1082 1254 1189 1291 cuius
1219 1257 1434 1303 exemplum

145 1316 212 1354 tibi
250 1316 359 1362 misi3
404 1330 448 1353 ex
485 1329 561 1364 qua
597 1315 809 1364 perspicere
846 1316 986 1365 poteris
1024 1330 1137 1365 quam
1185 1318 1311 1367 cupiat
1349 1332 1437 1356 con-

144 1378 313 1417 cordiam
333 1392 440 1416 suam
466 1386 503 1416 et
533 1379 691 1427 Pompei
720 1379 963 1417 reconciliare
989 1387 1025 1417 et
1049 1393 1164 1429 quam
1193 1388 1360 1418 remotus
1389 1381 1436 1419 sit

143 1444 192 1481 ab
226 1443 331 1480 omni
360 1443 608 1489 crudelitate;
648 1445 753 1492 quod
788 1457 875 1481 eum
905 1444 1056 1490 sentire,
1085 1452 1125 1481 ut
1159 1445 1294 1490 debeo,
1326 1447 1436 1483 valde

144 1508 303 1556 gaudeo.
363 1508 423 1544 De
452 1514 488 1544 te
516 1514 553 1544 et
582 1514 645 1543 tua
672 1508 747 1544 fide
773 1515 810 1544 et
836 1507 975 1555 pietate
996 1507 1096 1545 idem
1119 1522 1179 1546 me
1200 1510 1362 1555 hercule,
1384 1508 1436 1546 mi

89 1585 127 1608 20
146 1571 292 1617 Cicero,
315 1570 438 1608 sentio
465 1571 569 1618 quod
598 1577 649 1615 tu,
673 1583 750 1607 non
777 1583 889 1619 posse
916 1577 1018 1607 tuam
1046 1572 1185 1609 famam
1213 1579 1249 1609 et
1269 1572 1436 1609 officium

145 1634 330 1672 sustinere
363 1642 403 1671 ut
435 1641 568 1670 contra
597 1647 685 1670 eum
715 1646 820 1670 arma
852 1635 948 1670 feras
980 1647 1002 1670 a
1032 1647 1109 1682 quo
1140 1642 1287 1672 tantum
1325 1636 1437 1673 bene-

146 1697 273 1734 ficium
307 1705 344 1735 te
373 1696 566 1745 accepisse
600 1696 805 1745 praedices.
865 1698 1066 1734 Caesarem
1105 1699 1179 1735 hoc
1217 1698 1318 1735 idem
1356 1707 1478 1747 pro-2

145 1762 322 1799 baturum
361 1762 596 1810 exploratum
628 1773 696 1808 pro
727 1760 903 1809 singulari
935 1760 1015 1798 eius
1046 1761 1281 1799 humanitate
1314 1762 1438 1798 habeo

146 1825 257 1874 eique
286 1826 584 1863 cumulatissime
614 1825 702 1862 satis
730 1826 915 1861 facturum
945 1832 982 1862 te
1008 1832 1111 1862 certo
1138 1825 1216 1863 scio
1245 1838 1332 1862 cum
1361 1827 1441 1862 nul-

91 1890 221 1932 251am
255 1897 399 1938 partem
434 1889 522 1927 belli
556 1897 686 1927 contra
715 1902 802 1926 eum
836 1888 1018 1936 suscipias
1049 1902 1177 1937 neque·
1202 1889 1327 1926 socius
1360 1888 1441 1926 eius

146 1952 366 1990 adversariis
387 1953 509 1990 fueris.
568 1956 696 2002 Atque
723 1954 796 1989 hoc
821 1966 899 1989 non
923 1954 1045 1989 solum
1067 1952 1104 1988 in
1126 1959 1171 1997 te,
1195 1952 1258 1988 tali
1278 1959 1315 1989 et
1335 1959 1441 1989 tanto

146 2014 236 2061 viro,
259 2015 347 2052 satis
367 2016 533 2062 habebit,
557 2018 625 2054 sed
645 2016 759 2054 etiam
786 2015 879 2052 mihi
906 2015 985 2064 ipse
1012 2028 1079 2052 sua
1104 2015 1292 2052 concessit
1312 2017 1442 2052 volun-

147 2085 224 2116 tate
261 2092 308 2116 ne
346 2078 384 2116 in
422 2079 465 2117 iis
504 2080 634 2117 castris
672 2093 795 2118 essem
833 2093 932 2128 quae
969 2086 1101 2116 contra
1138 2080 1343 2116 Lentulum
1376 2086 1441 2116 aut

190 2180 210 2208 6
233 2180 274 2209 de
290 2178 363 2210 add.
385 2180 495 2209 Bm'ler
641 2191 656 2218 7
681 2190 765 2218 quae
783 2181 964 2210 sentiemus
981 2179 1033 2209 Μ]
1051 2193 1056 2210 :
1082 2191 1153 2211 cum
1171 2181 1351 2211 sentiamus
1366 2180 1417 2209 M¹
1434 2191 1442 2211 :

147 2222 225 2260 quid
241 2222 418 2251 sentiamus
441 2221 625 2262 Wesenberg
722 2233 742 2261 9
765 2223 886 2252 actioni
905 2222 986 2253 CM:
1012 2224 1130 2253 rationi
1150 2223 1302 2253 Graevius
1404 2233 1440 2261 14

149 2273 175 2294 s.
195 2274 225 2295 v.
246 2274 276 2294 B.
296 2273 324 2294 Ε.
345 2263 435 2295 edd.:
458 2265 519 2294 sub
534 2265 580 2300 M,
601 2265 639 2303 cf.
658 2266 713 2295 viii
735 2275 768 2295 11
782 2275 800 2295 c
967 2267 1003 2294 16
1019 2276 1083 2304 qua
1108 2266 1298 2296 Ascenssus:
1323 2265 1440 2303 quibus

149 2305 233 2337 codd.
341 2317 377 2344 17
401 2316 492 2337 suam
510 2307 582 2338 add.
606 2307 788 2347 Wesenbmg
872 2312 905 2337 et
921 2307 975 2337 M2
990 2318 997 2337 z
1022 2312 1055 2338 ut
1072 2307 1123 2338 Ml
1214 2308 1346 2346 Pompei
1365 2307 1417 2336 Ml
1432 2318 1438 2337 :

151 2348 342 2386 Pompeium
361 2348 414 2378 Μ’
542 2360 581 2387 24
607 2355 699 2380 certo
717 2349 760 2380 0¹
779 2348 845 2380 edd.
861 2350 1019 2388 plerique:
1048 2355 1138 2380 certe
1155 2350 1196 2380 M
1209 2350 1295 2389 quod
1307 2349 1442 2388 defendit

149 2390 237 2422 Neue
252 2393 258 2407 ⁶
274 2391 511 2422 Formenlelzre'
528 2392 573 2423 ii³.
591 2393 656 2423 620
785 2402 823 2433 27
848 2391 1018 2424 voluntate
1036 2392 1133 2423 CM2:
1158 2393 1306 2424 bonitate
1322 2392 1375 2422 M¹

1295 2436 1354 2468 20*
