1830 2745
539 419 703 455 LIBER
737 418 990 464 QVARTVS
1030 419 1276 456 DECIMVS

675 534 773 580 AD
823 535 1149 581 ATTICVM
1828 543 1830 574 4

310 662 332 696 I
472 663 539 694 Scr.
559 664 591 692 itt
607 663 790 692 suburbano
806 663 892 693 Mati
905 663 948 692 v1'1'
961 663 1008 692 ld.
1029 663 1110 702 Apr.
1132 674 1160 692 a.
1183 673 1237 700 710
1256 662 1340 701 (44).

666 749 834 778 CICERO
864 748 1030 778 ATTICO
1064 749 1156 778 SAL.

324 840 508 895 DEQTI
530 837 578 874 ad
599 836 704 873 illum
725 837 773 873 de
794 848 871 884 quo
892 843 1018 873 tecum
1039 849 1161 872 mane.
1221 834 1326 872 Nihil
1347 834 1554 884 perditius,
1573 847 1589 872 1

270 899 443 949 explicari
466 912 545 937 rem
571 912 649 936 non
676 912 797 947 posse.
859 898 1036 936 ‘Etenim
1066 898 1095 935 si
1119 898 1181 936 ille
1208 898 1271 935 tali
1302 898 1454 947 ingenio
1483 897 1554 948 egi·
1598 891 1789 937 uma·
1829 908 1830 911 ’

234 980 250 1009 5
271 972 351 1014 tum
380 976 458 1000 non
487 961 707 1011 reperiebat,
736 962 820 1011 quis
850 975 952 999 nunc
981 961 1188 1010 reperiet?’
1245 962 1349 1016 Quid
1379 960 1556 1010 quaeris?
1613 955 1730 993 33⁸1-

272 1026 411 1075 Perisse
431 1025 560 1063 omnia
578 1025 704 1063 aiebat
724 1006 845 1075 (qfflod
865 1026 968 1063 haud
985 1025 1074 1063 vscio
1099 1038 1147 1062 an
1172 1025 1223 1062 ita
1242 1024 1289 1062 sit
1306 1026 1473 1071 g‘ssverum
1494 1024 1556 1062 ille
1573 989 1812 1094 {fla-*mamm

233 1079 247 1092 ’
270 1089 456 1138 gaudens)
477 1090 728 1138 adfirmatque
749 1089 873 1126 minus
890 1089 1025 1126 diebus
1046 1101 1102 1125 xx
1124 1090 1328 1126 tumultum
1351 1088 1550 1125 Gallicum.
1567 1082 1803 1148 RQ}-

118 1200 127 1210 ο
272 1155 318 1190 In
356 1165 569 1190 sermonem
604 1166 644 1190 se
674 1160 758 1202 post
790 1155 883 1191 Idus
918 1153 1074 1190 Martias
1107 1160 1370 1201 praeterquam
1406 1152 1554 1201 Lepido
1789 1138 1797 1145 ⁴

9 1192 189 1285 ἔξῦξεὶ·
270 1216 418 1254 venisse
447 1215 600 1253 nemini.
637 1199 728 1267 '‘A-d
748 1230 937 1270 sum-gnam
963 1230 1040 1253 non
1071 1229 1182 1265 posse
1212 1215 1327 1253 istaec
1356 1215 1409 1252 sic
1437 1215 1552 1252 abire.

215 1297 252 1318 10
272 1281 308 1318 O
337 1280 564 1328 prudentem
588 1279 781 1327 Oppium!
820 1279 885 1327 qui
914 1279 1034 1316 nihilo
1064 1279 1189 1316 minus
1218 1278 1323 1315 illum
1354 1277 1557 1324 desiderat,

272 1344 339 1380 sed
368 1343 533 1391 loquitur
562 1342 655 1379 nihil
677 1344 781 1391 quod
810 1356 1043 1391 quemquam
1073 1343 1218 1399 hog-um
1246 1343 1424 1379 offendat.
1482 1342 1558 1379 Sed
1628 1319 1779 1419 ψ.

271 1407 365 1443 haec
385 1407 578 1443 hactenus.

323 1471 393 1515 Tu,
426 1482 578 1517 quaese,
608 1468 791 1517 quicquid
821 1469 908 1506 novi
932 1468 1068 1518 (multa
1096 1476 1223 1506 autem
1255 1468 1449 1517 exspecto)
1471 1468 1555 1505 scri·
1574 1477 1598 1503 2

272 1534 360 1571 bere
391 1547 438 1571 ne
467 1533 621 1582 pigrere,
655 1533 692 1569 in
722 1533 780 1570 his
814 1534 862 1590 de
896 1535 1010 1570 Sexto
1039 1532 1179 1586 sat-isne
1208 1540 1367 1585 cer-t‘um,
1394 1532 1556 1569 maxime
1592 1520 1799 1586 υᾶὥῖζυζ

217 1613 251 1643 15
272 1605 398 1634 autem
433 1598 481 1634 de
516 1599 634 1634 Bruto
671 1604 811 1634 nostro.
872 1599 931 1634 De
963 1610 1040 1645 quo
1070 1596 1226 1644 quidem
1265 1596 1326 1633 ille
1359 1597 1407 1633 ad
1441 1609 1555 1644 quem
1573 1569 1817 1635 Aarssaeuaeq.

273 1660 428 1705 deverti,
458 1662 659 1698 Caesarem
690 1659 842 1697 solitum
872 1659 1009 1705 dicere,
1042 1659 1201 1707 ‘Magni
1231 1660 1340 1696 refert
1373 1658 1435 1695 hic
1464 1658 1556 1706 quid

24 1718 45 1743 ἰ
59 1711 254 1752 ΝΜ
273 1712 461 1777 ventsse-d
481 1723 664 1772 quicquid
684 1725 762 1760 vult
782 1724 892 1760 valde
911 1724 991 1760 vult
1007 1725 1039 1769 ⁷3
1068 1722 1184 1771 idque
1210 1736 1298 1759 eum
1324 1722 1558 1759 animadver-

274 1787 362 1825 tisse
391 1801 477 1824 cum
507 1800 575 1835 pro
604 1786 786 1824 Deiotaro
808 1786 974 1838 Nicaeae
995 1786 1154 1831 dixerit,
1184 1787 1293 1823 valde
1313 1786 1558 1822 vehementer
1596 1797 1649 1838 ιζ

275 1864 361 1888 eum
383 1851 504 1887 visum
531 1858 567 1887 et
593 1850 709 1888 libere
735 1849 884 1896 dicere3
912 1857 1026 1898 atque
1047 1849 1160 1887 etiam
1183 1849 1240 1899 (ut
1259 1848 1361 1886 enim
1388 1848 1558 1897 quidque

218 1928 256 1950 20
275 1913 457 1951 succurrit
489 1913 581 1951 libet
610 1912 790 1962 scribere)
822 1913 1003 1968 prgfflme,
1039 1926 1126 1950 cum
1161 1911 1257 1950 Sesti
1290 1918 1421 1959 rogatu
1453 1911 1557 1959 apud
1574 1905 1789 1987 4141.Ᾱῆ

98 1058 231 1092 ἰ’ὀΙο

1678 1768 1685 1777 .
1786 1781 1794 1786 a

1626 1952 1697 1964 ..ί

317 2024 336 2052 3
362 2014 485 2043 Diverti
500 2013 526 2043 C
544 2039 547 2043 .
610 2023 626 2051 7
651 2008 1224 2053 adfir1nabatquev.c,L(ma›g.)Zb
1241 2025 1247 2043 :
1265 2012 1455 2042 adfirmabat
1470 2011 1554 2042 Crat.

274 2058 294 2086 8
319 2057 443 2095 Lepido
460 2055 590 2086 FMan.
608 2068 614 2085 z
647 2055 693 2085 -di
718 2055 758 2084 M
840 2066 860 2094 9
884 2055 983 2095 istaec
1007 2055 1101 2085 Rom.
1119 2055 1202 2096 vulg.
1222 2068 1228 2086 :
1263 2056 1325 2085 ista
1342 2060 1375 2085 et
1392 2054 1439 2083 ΜΙ
1456 2065 1462 2084 :
1495 2055 1556 2084 ista

275 2098 328 2127 M2
440 2108 477 2128 10
500 2098 677 2136 pudentem
694 2098 822 2127 Ernesti
932 2108 967 2135 14
993 2097 1102 2127 Sestio
1120 2098 1215 2128 Rom.
1336 2099 1373 2127 16
1397 2097 1469 2126 Non
1486 2100 1557 2126 ante

276 2141 384 2178 magni
414 2140 487 2170 add.
505 2140 634 2169 andt
784 2150 819 2178 17
844 2140 918 2179 sed]
945 2140 1070 2170 scilicet
1094 2140 1241 2171 Schmidt
1388 2140 1456 2169 vult
1481 2163 1486 2168 .
1513 2163 1519 2169 .
1546 2163 1553 2169 .

276 2184 344 2213 vult
361 2183 412 2211 M²
432 2194 438 2212 ε
463 2183 549 2212 volet
567 2206 573 2212 .
593 2206 599 2212 .
622 2207 628 2213 .
647 2182 735 2212 volet
752 2179 846 2211 Migt
866 2182 899 2220 (ι’.
913 2193 935 2212 e.
953 2183 982 2212 Z
1001 2182 1175 2212 secundum
1197 2183 1391 2217 Turnebum,
1409 2183 1445 2220 cs.
1465 2181 1559 2211 Clark

276 2226 308 2255 in
333 2224 553 2264 ‘Philologus’
582 2226 693 2264 (1901)
713 2230 767 2263 pp.
793 2235 850 2254 201
868 2225 918 2264 ff.)
947 2236 973 2254 v.
986 2235 1007 2255 c.
1144 2226 1180 2254 18
1204 2225 1345 2255 Nicaeae
1374 2225 1439 2254 dix.
1466 2227 1558 2254 vett.:

276 2267 369 2297 nicae
385 2267 469 2297 edix.
488 2266 528 2295 M
645 2266 765 2296 dixerit
781 2266 865 2297 codd.
882 2278 888 2296 z
912 2267 1036 2296 diceret
1052 2267 1180 2297 Ernesti
1320 2277 1361 2297 20
1384 2266 1472 2296 Sesti
1490 2268 1560 2296 vett.

276 2309 340 2339 coll.
359 2319 385 2338 2.
404 2319 443 2346 3:
468 2308 561 2339 Sexti
574 2308 614 2338 M
