1590 2730
509 111 617 173 epp.
650 137 725 172 AD
752 138 1003 174 ATTICVM
1364 139 1412 177 X.
1427 139 1473 175 ix

160 288 226 323 IX
393 290 459 323 Scr.
479 291 513 321 in
531 291 681 322 Cumano
697 302 716 322 v
730 290 813 322 Non.
832 291 910 322 Mai.
931 303 960 323 a.
982 302 1036 331 705
1052 292 1135 333 (49).

520 387 685 418 CICERO
706 387 738 417 A
748 387 880 418 TTICO
903 387 1005 419 SAL.

169 476 369 513 Adventus
403 473 597 512 Philotimi
629 474 682 523 (at
714 473 821 511 cuius
852 473 1027 519 hominis,
1061 487 1175 522 quam
1206 474 1337 513 insulsi
1370 483 1406 513 et
1425 488 1443 515 1

117 551 233 587 quam
270 551 383 587 saepe
415 551 483 587 pro
515 536 700 586 Pompeio
734 536 950 574 mentientis
968 536 990 586 l)
1024 537 1250 575 exanimavit
1283 538 1407 575 omnis

79 615 97 648 5
118 601 183 650 qui
207 614 357 639 mecum
382 608 511 646 erant,
538 613 627 637 nam
654 599 734 648 ipse
763 600 937 636 obdurui.
997 600 1207 638 Dubitabat
1236 608 1406 638 nostrum

118 678 233 702 nemo
270 664 362 713 quin
400 665 540 702 Caesar
579 663 712 700 itinera
755 663 1204 711 repressisset—volare
1242 663 1378 700 dicitur
1398 678 1407 709 3

118 727 287 764 Petreius
331 740 419 764 cum
456 725 614 764 Afranio
657 725 915 764 coniunxisset
952 725 1134 763 se-—nihil
1171 728 1290 763 adfert
1328 726 1407 763 eius

118 791 233 828 modi.
292 790 397 838 Quid
428 789 605 838 quaeris?
646 789 759 826 etiam
792 788 885 826 illud
924 796 1001 825 erat
1031 802 1262 837 persuasum,
1298 791 1407 826 Pom-

118 853 246 903 peium
270 866 358 890 cum
387 852 532 901 magnis
558 851 677 901 copiis
704 851 772 889 iter
798 851 835 888 in
858 851 1102 889 Germaniam
1129 865 1194 900 per
1216 852 1406 900 Illyricum

62 931 101 954 10
118 917 278 963 fecisse,
317 916 356 953 id
394 915 496 953 enirn
530 916 739 955 αὖθεντικῶς
771 915 1025 953 nuntiabatur.
1085 916 1258 952 Melitam
1297 915 1407 963 igitur

117 979 253 1028 opinor
278 991 530 1027 capessamus,
553 980 645 1016 dum
672 978 765 1027 quid
794 978 831 1014 in
854 978 1051 1027 Hispania.
1111 979 1226 1025 Quod
1250 978 1405 1026 quidem

117 1055 235 1093 prope
269 1043 427 1080 modum
460 1042 592 1079 videor
624 1055 669 1079 ex
699 1041 871 1080 Caesaris
902 1041 1031 1078 litteris
1062 1043 1255 1079 voluntate
1285 1043 1406 1078 facere

118 1118 240 1155 posse,
272 1104 336 1153 qui
364 1112 476 1153 negat
506 1117 631 1153 neque
661 1104 857 1141 honestius
889 1117 1012 1152 neque
1042 1104 1156 1141 tutius
1186 1103 1277 1140 mihi
1306 1103 1407 1151 quic-

119 1181 234 1216 quam
273 1180 355 1205 esse
392 1180 507 1216 quam
546 1167 595 1204 ab
637 1167 741 1204 omni
779 1167 1025 1204 contentione
1067 1167 1210 1204 abesse.
1278 1166 1448 1212 DiceS,2

62 1240 98 1272 15
122 1231 219 1268 ‘Vbi
239 1244 327 1280 ergo
346 1238 433 1268 tuus
453 1230 515 1268 ille
540 1229 689 1268 animus
709 1243 824 1279 quem
848 1229 1027 1279 proximis
1051 1229 1180 1266 litteris
1196 1231 1231 1265 ?'
1286 1230 1406 1266 Adest

119 1302 155 1332 et
188 1294 290 1332 idem
321 1301 400 1340 est3
440 1295 507 1331 sed
538 1294 682 1332 utinam
714 1307 801 1331 meo
831 1295 953 1331 solum
987 1292 1110 1341 capite
1140 1294 1405 1330 decernerem}

119 1358 315 1396 Lacrimae
341 1370 513 1395 meorum
540 1370 600 1395 me
627 1357 816 1394 interdum
842 1356 1016 1394 molliunt
1042 1355 1277 1404 precantium
1298 1362 1338 1392 ut
1358 1356 1407 1392 de

119 1421 317 1470 Hispaniis
346 1428 619 1471 exspectemus.
683 1422 736 1457 M.
769 1420 874 1458 Caeli
905 1419 1060 1468 quidem
1094 1419 1293 1467 epistulam
1323 1417 1407 1455 scri-

119 1493 222 1534 ptam
243 1485 514 1531 miserabiliter,
530 1498 617 1522 cum
638 1485 711 1522 hoc
728 1483 829 1520 idem
844 1483 1056 1520 obsecraret
1077 1489 1117 1518 ut
1137 1488 1404 1530 exspectarem,

62 1559 101 1581 20
119 1562 167 1586 ne
196 1550 363 1586 fortunas
393 1561 507 1594 meaS,
538 1561 586 1585 ne
615 1546 770 1584 unicum
806 1545 934 1591 filium,
966 1558 1014 1583 ne
1042 1558 1148 1583 meos
1176 1544 1300 1581 omnis
1330 1551 1406 1581 tam

118 1620 259 1650 temere
297 1613 506 1661 proderem,
547 1625 625 1649 non
663 1610 744 1648 sine
786 1623 924 1658 magno
965 1610 1055 1646 fletu
1096 1610 1265 1656 legerunt
1302 1606 1407 1656 pueri

118 1676 256 1721 nostri3
295 1675 363 1713 etsi
394 1689 500 1713 meus
529 1675 684 1724 quidem
712 1682 767 1711 est
794 1673 923 1710 fortior
949 1685 1071 1720 eoque
1100 1671 1183 1719 ipso
1208 1672 1407 1708 vehemen-

118 1739 190 1776 tius
211 1747 427 1776 commovet
447 1752 517 1776 nec
538 1739 742 1788 quicquam
763 1737 834 1774 nisi
855 1738 903 1774 de
923 1734 1142 1784 dignatione
1162 1734 1316 1771 laborat.

173 1803 345 1840 Melitam
375 1803 494 1852 igitur,
523 1802 662 1840 deinde
691 1815 769 1850 quo
797 1800 995 1838 videbitur.
1052 1800 1112 1834 Tu
1139 1805 1266 1834 tamen
1291 1796 1403 1834 etiam
1423 1805 1447 1843 3

64 1877 101 1908 25
120 1881 222 1905 nunc
249 1868 340 1905 mihi
360 1868 503 1916 aliquid
523 1868 729 1905 litterarum
756 1874 791 1904 et
818 1865 981 1903 maxime
1001 1863 1029 1900 si
1051 1862 1143 1910 quid
1168 1862 1217 1898 ab
1237 1859 1402 1897 Afranio.

122 1933 204 1980 Ego
224 1931 254 1968 si
274 1945 361 1968 cum
382 1931 552 1968 Antonio
572 1933 721 1968 locutus
748 1943 821 1975 ero,
845 1929 1006 1966 scribam
1035 1927 1084 1963 ad
1113 1932 1149 1962 te
1169 1923 1260 1972 quid
1279 1930 1405 1960 actum

120 1993 176 2031 sit.
235 1996 310 2031 Ero
331 2001 458 2031 tamen
478 1994 516 2030 in
536 1995 739 2038 credendo,
763 2000 803 2030 ut
824 2004 967 2036 mones,
990 1996 1121 2027 cautus
1137 2003 1145 2033 ;
1177 2000 1265 2024 nam
1286 1987 1408 2023 occul-

161 2080 182 2108 6
205 2079 314 2108 volare
331 2079 418 2116 vulg.
438 2091 443 2109 ε
467 2083 522 2108 tuo
538 2079 649 2108 volare
674 2077 732 2107 M:
756 2077 853 2106 immo
870 2075 982 2105 volare
1002 2073 1148 2105 Schmidt
1296 2081 1312 2108 7
1337 2075 1409 2100 ante

122 2120 272 2151 Petreius
289 2121 360 2151 add.
382 2121 509 2151 Dicitur
524 2120 606 2149 Boot
709 2118 938 2149 coniunxisset
965 2128 1000 2147 se
1028 2116 1165 2146 Rosius:
1197 2113 1408 2143 coniunxisse

121 2163 206 2193 codd.
225 2175 232 2193 t
255 2164 466 2194 coniunxisse
483 2173 518 2193 se
534 2163 610 2192 coni.
624 2162 707 2192 Boot
812 2171 832 2198 9
856 2160 1063 2190 Germaniam
1082 2159 1136 2188 M:
1161 2156 1298 2187 Galliam
1317 2155 1407 2183 ‘alii'

121 2210 169 2244 ap.
189 2205 370 2235 corradum
387 2216 424 2235 ex
437 2207 466 2235 6.
486 2205 603 2244 3,f0rt.
622 2207 693 2234 recte
801 2213 837 2241 15
861 2213 941 2240 ergo
960 2207 1032 2231 tuus
1050 2201 1104 2231 ille
1117 2195 1159 2229 Zb
1176 2197 1286 2228 codices
1303 2197 1406 2244 Mala-

121 2248 247 2286 spinae:
271 2248 325 2277 ille
341 2258 420 2286 ergo
440 2253 515 2277 tuus
542 2247 582 2276 M
702 2247 741 2275 16
763 2246 848 2283 meo]
869 2246 908 2274 de
926 2254 998 2273 meo
1015 2243 1096 2273 Reid
1214 2251 1254 2269 20
1278 2249 1406 2269 unlcum

123 2289 222 2319 filium
241 2289 402 2320 Corradus
425 2290 516 2319 Man.
536 2289 602 2320 coll.
620 2299 640 2327 9
656 2299 676 2317 A
691 2298 728 2317 2:
755 2288 883 2317 unicam
900 2286 998 2316 filiam
1016 2286 1056 2315 M
1160 2295 1199 2313 22
1223 2286 1294 2311 ante
1309 2281 1405 2327 vehe-

122 2332 263 2361 mentius
276 2331 388 2362 addere
403 2342 455 2361 me
471 2332 539 2361 vult
566 2330 746 2369 Wesenbmg
854 2338 893 2366 23
918 2329 1078 2367 dignitate
1094 2326 1185 2356 codex
1199 2324 1397 2355 Ressmv'oms

113 2373 191 2411 sort.
210 2377 282 2403 recte
408 2384 446 2411 24
470 2383 533 2412 quo
552 2373 600 2402 F:
624 2372 712 2411 quod
730 2371 770 2401 M

166 2436 225 2457 cre.
246 2437 292 2456 AD
308 2436 379 2457 ATT.
1286 2422 1324 2450 23
