1690 2710
140 132 159 146 ⁹
532 132 640 168 EPP.
672 131 746 168 AD
775 131 1025 169 ATTICVM
1331 130 1438 166 XVI.
1456 129 1568 166 xviA

134 252 199 277 eos
222 241 347 278 delata
369 247 466 277 sunt.
524 239 783 276 Probaverunt
810 251 963 276 causam
987 238 1068 276 sine
1091 239 1167 275 ulla
1186 237 1424 275 dubitatione

134 315 251 351 seque
276 303 325 340 ad
345 293 381 340 te
405 302 544 339 litteras
570 302 723 339 daturos
750 314 832 339 esse
857 301 1042 339 dixerunt.
1102 303 1184 349 Ego
1209 309 1347 346 autem,
1371 300 1423 338 mi

135 366 284 411 Plance,
301 364 371 402 etsi
389 377 469 402 non
488 362 712 401 dubitabam
728 364 820 412 quin
841 371 877 402 et
897 371 1051 401 senatus
1071 365 1288 401 consultum
1309 371 1345 401 et
1365 365 1424 401 lex

133 435 170 465 et
190 429 392 465 consulum
416 427 612 465 decretum
638 438 683 463 ac
709 425 853 464 litterae
878 427 981 475 apud
1005 433 1042 464 te
1068 425 1273 475 plurimum
1296 433 1421 464 aucto—

98 507 114 538 5
133 490 250 528 ritatis
276 490 460 528 haberent
479 496 593 537 teque
618 487 736 537 ipsius
755 488 873 526 Attici
900 502 1014 526 causa
1033 489 1129 526 velle
1152 488 1423 535 intellexeram,

133 560 261 591 tamen
294 554 368 591 hoc
400 565 468 601 pro
501 551 773 589 coniunctione
806 559 842 589 et
870 551 1139 589 benevolentia
1170 559 1299 588 nostra
1330 551 1422 590 mihi

133 615 277 665 sumpsi
305 623 346 653 ut
374 615 413 653 id
441 628 463 652 a
491 622 528 652 te
556 622 723 664 peterem
753 615 858 663 quod
887 621 951 651 tua
979 613 1177 662 singularis
1205 614 1422 651 humanitas

132 678 420 727 suavissimique
443 691 567 716 mores
589 691 612 715 a
631 685 667 715 te
687 686 813 715 essent
834 677 1078 726 impetraturi.
1140 679 1187 716 Id
1212 686 1340 715 autem
1365 686 1420 716 est

133 749 174 779 ut
202 743 275 779 hoc
303 743 407 790 quod
428 750 464 778 te
485 749 548 778 tua
571 748 708 789 sponte
728 742 914 777 facturum
935 753 1017 778 esse
1037 749 1141 779 certo
1165 741 1245 779 scio
1264 742 1420 779 honoris

78 818 116 840 10
132 804 250 842 nostri
278 817 390 841 causa
419 803 589 849 libenter,
615 803 768 852 prolixe,
796 803 966 841 celeriter
993 803 1117 842 facias.
1177 804 1276 841 Mihi
1304 818 1419 842 nemo
1439 818 1462 857 7

132 874 188 904 est
215 867 372 904 amicior
402 879 472 903 nec
501 866 703 903 iucundior
732 879 802 903 nec
831 866 951 903 carior
979 866 1109 904 Attico
1123 880 1134 913 ;
1172 867 1280 904 cuius
1307 875 1421 905 antea

132 943 189 967 res
222 931 345 967 solum
375 929 566 966 familiaris
596 930 778 977 agebatur
806 942 927 977 eaque
955 942 1102 978 magna,
1129 943 1232 967 nunc
1261 931 1421 968 accessit

131 993 245 1031 etiam
261 992 498 1038 existimatio,
515 1001 555 1030 ut
572 993 677 1041 quod
699 1000 927 1030 consecutus
948 999 1004 1029 est
1025 1005 1162 1041 magna
1181 1000 1217 1030 et
1237 992 1422 1031 industria

131 1064 168 1093 et
186 1056 303 1105 gratia
322 1064 359 1093 et
379 1056 464 1093 vivo
486 1057 647 1094 Caesare
667 1063 704 1093 et
725 1063 874 1093 mortuo
895 1055 933 1092 id
954 1062 990 1093 te
1013 1055 1217 1094 adiuvante
1238 1056 1418 1094 obtineat.

77 1133 111 1164 15
132 1121 249 1168 Quod
269 1119 299 1156 si
319 1133 340 1157 a
360 1128 396 1157 te
416 1119 484 1157 erit
504 1119 757 1168 impetratum,
780 1119 833 1156 sic
853 1119 965 1156 velim
992 1118 1182 1157 existimes
1209 1133 1270 1157 me
1289 1121 1337 1157 de
1357 1127 1422 1157 tua

130 1183 353 1220 liberalitate
380 1183 430 1220 ita
456 1183 787 1231 interpretaturum
817 1190 857 1219 ut
881 1190 947 1220 tuo
974 1196 1125 1219 summo
1152 1183 1340 1221 beneficio
1360 1196 1422 1220 me

129 1247 321 1283 adfectum
349 1246 525 1283 iudicem.
585 1247 667 1293 Ego
694 1259 791 1294 quae
818 1254 854 1283 te
880 1247 976 1283 velle
1001 1259 1177 1295 quaeque
1205 1248 1254 1284 ad
1280 1253 1317 1283 te
1343 1259 1421 1295 per-

130 1309 248 1346 tinere
267 1309 476 1346 arbitrabor
496 1309 665 1347 studiose
681 1309 957 1358 diligenterque
977 1310 1128 1347 curabo.
1186 1312 1246 1347 Da
1265 1322 1419 1359 operam

130 1380 169 1408 ut
190 1373 322 1409 valeas.

74 1458 113 1479 20
750 1454 792 1489 B

552 1537 619 1568 Scr.
636 1537 735 1577 paulo
744 1541 816 1577 post
832 1543 875 1577 ep.
896 1538 935 1567 16
949 1537 993 1568 A.

333 1612 502 1642 CICERO
536 1612 714 1642 PLANCO
747 1612 907 1642 PRAET.
942 1612 1086 1643 DESIG.
1119 1612 1213 1642 SAL.

182 1689 264 1725 Iam
305 1695 416 1725 antea
456 1688 569 1736 petivi
611 1689 679 1725 abs
721 1696 758 1725 te
800 1701 865 1736 per
906 1687 1046 1725 litteras
1086 1695 1137 1734 ut,
1177 1700 1264 1725 curn
1303 1700 1416 1725 causa
1435 1688 1459 1725 8

129 1750 414 1788 Buthrotiorum
453 1751 611 1799 probata
647 1764 669 1788 a
702 1750 923 1788 consulibus
961 1758 1059 1788 esset
1096 1751 1236 1800 quibus
1269 1758 1305 1788 et
1336 1752 1417 1800 lege

72 1828 108 1858 25
128 1821 166 1851 et
197 1821 350 1851 senatus
382 1816 558 1852 consulto
596 1814 821 1863 permissum
855 1822 933 1852 erat
964 1822 1004 1851 ut
1037 1815 1085 1852 de
1116 1814 1287 1852 Caesaris
1324 1814 1417 1852 actis

128 1885 410 1925 cognoscerent,
439 1885 655 1924 statuerent,
682 1878 905 1924 iudicarent,
931 1891 1014 1915 eam
1044 1891 1122 1915 rem
1152 1884 1192 1914 tu
1220 1877 1417 1915 adiuvares

127 1940 376 1988 Atticumque
401 1948 572 1978 nostrum
598 1941 705 1979 cuius
730 1949 766 1978 te
792 1941 1006 1979 studiosum
1034 1941 1195 1990 cognovi
1215 1948 1251 1978 et
1272 1954 1332 1978 me
1352 1940 1417 1989 qui

128 2016 205 2039 non
229 2002 354 2039 minus
367 2003 505 2056 laboro
526 2003 699 2042 molestia
718 2004 905 2042 liberares.
963 2004 1155 2041 Omnibus
1180 2003 1281 2041 enim
1305 2003 1417 2041 rebus

129 2078 265 2114 magna
290 2078 391 2112 cura,
412 2068 530 2103 multa
558 2079 673 2115 opera
700 2074 737 2105 et
763 2068 892 2105 labore
917 2067 1100 2105 confectis
1126 2067 1165 2104 in
1189 2074 1226 2105 te
1251 2066 1416 2116 positum

71 2140 110 2170 30
128 2135 184 2165 est
205 2134 244 2165 ut
265 2135 414 2166 nostrae
440 2128 706 2167 sollicitudinis
732 2131 847 2167 finem
868 2143 982 2179 quam
1004 2130 1168 2179 primum
1193 2131 1315 2167 facere
1335 2143 1419 2179 pos-

129 2190 255 2227 simus.
318 2192 563 2239 Quamquam
597 2191 848 2240 intellegimus
887 2206 930 2230 ea
961 2200 997 2230 te
1030 2206 1112 2230 esse
1145 2192 1347 2241 prudentia
1376 2199 1416 2230 ut

128 2254 269 2299 videas,
289 2253 319 2290 si
345 2266 389 2291 ea
409 2255 560 2292 decreta
586 2256 786 2292 consulum
807 2268 905 2304 quae
925 2256 973 2293 de
994 2255 1165 2294 Caesaris
1188 2255 1280 2293 actis
1307 2254 1416 2292 inter-

517 2364 529 2384 1
556 2364 686 2385 eausam
706 2355 789 2386 Crat.
809 2367 813 2386 :
843 2366 958 2387 causas
975 2360 1026 2386 ΣΔ
1272 2397 1331 2430 37*
