1590 2730
524 132 633 167 EPP.
666 132 740 167 AD
771 133 1023 171 ATTICVM
1339 138 1431 175 XII.
1455 137 1561 174 xviii

133 237 226 275 mihi
254 237 438 287 ignoscas,
466 236 698 275 cuicuimodi
728 245 794 275 est.
854 239 1006 276 Etenim
1033 242 1157 280 habeo
1184 256 1260 281 non
1290 246 1414 288 nullos

133 315 178 339 ex
197 301 240 338 iis
261 314 356 350 quos
377 313 479 337 nunc
499 300 628 338 lectito
647 308 821 338 auctores
842 302 906 350 qui
931 303 1060 340 dicant
1084 306 1162 342 fieri
1183 306 1221 343 id
1241 315 1415 355 oportere

132 365 237 413 quod
263 376 375 412 saepe
401 371 529 401 tecum
549 362 607 411 egi
629 371 665 401 et
685 365 790 412 quod
810 377 832 400 a
852 372 888 402 te
914 366 1114 414 approbari
1134 369 1234 414 volo,
1255 369 1303 406 de
1326 371 1414 407 fano

131 427 196 464 illo
216 427 315 473 dico,
337 428 386 464 de
409 439 486 475 quo
513 433 661 463 tantum
692 435 877 475 quantum
906 441 966 465 me
991 442 1096 466 amas
1121 431 1233 467 velim
1260 432 1412 479 cogites.

94 500 112 531 5
132 489 323 539 Equidem
344 503 468 538 neque
489 491 537 527 de
557 502 694 538 genere
716 490 851 527 dubito
874 490 1014 540 (placet
1036 492 1136 529 enim
1158 493 1250 530 mihi
1272 495 1414 544 Cluati)

130 565 255 601 neque
279 554 326 590 de
355 566 393 590 re
417 551 617 602 <statutum
648 560 704 590 est
733 553 863 601 enim),
893 555 940 591 de
969 556 1054 592 loco
1083 569 1161 594 non
1191 570 1411 606 numquam.

129 615 256 653 Velim
289 615 399 664 igitur
432 615 585 663 cogites.
645 617 738 664 Ego,
771 624 956 664 quantum
986 617 1043 654 his
1073 619 1307 667 temporibus
1338 628 1413 657 tam

129 678 284 716 eruditis
305 678 383 716 fieri
404 678 578 727 potuerit,
595 680 766 727 profecto
787 679 888 716 illam
906 682 1138 718 consecrabo
1155 682 1257 719 omni
1279 696 1414 731 genere

129 741 453 778 monimentorum
479 741 528 778 ab
549 741 720 779 oninium
751 742 910 789 ingeniis
934 752 1172 791 sumptorum
1197 753 1232 781 et
1254 746 1415 783 Graeco-

74 820 111 842 10
128 817 210 841 rum
231 812 267 841 et
289 804 523 841 Latinorum.
582 806 692 852 Quae
713 818 770 842 res
791 804 945 842 forsitan
970 805 1016 842 sit
1042 806 1257 844 refricatura
1277 810 1412 846 vulnus

128 879 269 904 meum.
325 868 401 904 Sed
427 867 501 904 iam
523 867 630 916 quasi
650 875 740 905 voto
760 869 928 916 quodam
950 876 986 905 et
1006 869 1192 918 promisso
1213 883 1273 908 me
1293 871 1411 908 teneri

127 938 230 979 puto,
249 932 483 979 longumque
503 931 596 968 illud
617 939 767 980 tempus
783 944 870 968 cum
892 944 967 968 non
985 945 1049 969 ero
1066 933 1182 981 magis
1203 947 1264 971 me
1285 942 1412 971 movet

126 1005 241 1041 quam
263 995 337 1030 hoc
357 994 545 1042 exiguum,
568 995 673 1042 quod
694 993 787 1030 mihi
808 1002 934 1031 tamen
956 994 1114 1031 nimium
1136 997 1291 1045 longum
1313 997 1412 1034 vide-

127 1063 195 1093 tur.
255 1058 396 1094 Habeo
430 1056 531 1094 enim
565 1056 658 1094 nihil
690 1057 883 1106 temptatis
914 1058 1025 1095 rebus
1056 1059 1235 1096 omnibus
1265 1059 1303 1096 in
1334 1073 1411 1108 quo

73 1132 110 1164 15
127 1119 378 1167 acquiescam.
437 1121 536 1157 Nam
565 1121 656 1157 dum
686 1120 779 1157 illud
804 1121 1011 1157 tractabam
1033 1122 1081 1158 de
1101 1134 1178 1169 quo
1197 1123 1246 1160 ad
1267 1130 1303 1160 te
1322 1130 1411 1160 ante

126 1181 267 1235 scripsi,
296 1182 404 1230 quasi
432 1183 609 1220 fovebam
637 1184 789 1220 dolores
819 1196 925 1220 meos
940 1198 948 1229 3
988 1197 1090 1221 nunc
1117 1184 1245 1222 omnia
1272 1199 1410 1234 respuo

125 1257 196 1282 nec
216 1245 422 1294 quicquam
443 1247 569 1283 habeo
589 1246 820 1284 tolerabilius
842 1260 956 1295 quam
983 1247 1228 1285 solitudinem
1243 1263 1252 1295 3
1281 1262 1408 1297 quarn,

124 1309 230 1356 quod
250 1321 352 1345 eram
373 1308 523 1355 veritus,
546 1322 624 1346 non
644 1309 861 1346 obturbavit
884 1309 1090 1359 Philippus.
1149 1312 1249 1348 Nam
1270 1319 1310 1348 ut
1330 1312 1409 1350 heri

125 1383 186 1408 me
207 1371 391 1418 salutavit,
415 1372 541 1409 statim
564 1374 729 1410 Romam
751 1374 942 1421 profectus
963 1380 1028 1410 est.

67 1449 107 1472 20
178 1435 391 1483 Epistulam
430 1449 545 1484 quam
582 1437 632 1473 ad
667 1437 837 1481 Brutum,
869 1443 910 1473 ut
943 1436 1010 1473 tibi
1044 1438 1249 1485 placuerat,
1278 1438 1449 1488 scripsi2

124 1497 209 1535 misi
237 1501 285 1537 ad
314 1508 360 1537 te.
420 1500 580 1539 Curabis
611 1514 698 1538 cum
730 1508 794 1537 tua
825 1502 1098 1548 perferendam.
1158 1502 1250 1539 Eius
1281 1510 1408 1541 tamen

124 1562 209 1599 misi
228 1565 277 1600 ad
298 1571 334 1601 te
354 1566 569 1613 exemplum
592 1572 641 1610 ut,
665 1564 695 1601 si
717 1564 841 1601 minus
862 1566 1036 1612 placeret,
1060 1578 1108 1602 ne
1129 1565 1304 1603 mitteres.

178 1627 400 1665 Domestica
420 1629 525 1676 quod
545 1628 598 1665 ais
620 1627 753 1665 ordine
776 1627 1029 1664 administrari
1055 1628 1194 1665 scribes
1215 1642 1312 1677 quae
1336 1630 1409 1667 sint
1427 1637 1452 1674 3

123 1703 178 1727 ea.
226 1692 428 1738 Quaedam
449 1692 551 1729 enim
573 1700 762 1740 exspecto.
820 1691 1007 1729 Cocceius
1029 1691 1114 1729 vide
1135 1705 1182 1729 ne
1202 1694 1408 1731 frustretur.

68 1763 103 1793 ²5
124 1755 224 1791 Nam
254 1755 352 1793 Libo
381 1757 486 1804 quod
515 1755 723 1804 pollicetur,
754 1762 794 1792 ut
825 1756 920 1792 Eros
950 1754 1087 1799 scribit,
1117 1768 1194 1791 non
1224 1755 1409 1793 incertum

122 1825 225 1865 puto.
285 1821 344 1856 De
374 1827 473 1857 sorte
503 1833 587 1856 mea
614 1819 783 1867 Sulpicio
814 1820 968 1856 confido
998 1827 1034 1855 et
1063 1819 1224 1867 Egnatio
1254 1819 1408 1857 scilicet.

124 1883 184 1918 De
216 1883 408 1931 Appuleio
445 1883 538 1932 quid
576 1891 631 1920 est
669 1884 774 1931 quod
813 1883 971 1927 labores,
1008 1895 1094 1919 cum
1133 1882 1179 1919 sit
1217 1882 1408 1920 excusatio

121 1945 240 1982 facilis
256 1947 272 1982 ?

173 2009 262 2046 Tibi
292 2011 341 2047 ad
370 2023 432 2047 me
460 2010 598 2055 venire,
626 2017 667 2047 ut
698 2009 879 2054 ostendis,
903 2009 990 2046 vide
1022 2022 1069 2045 ne
1103 2022 1180 2045 non
1212 2009 1257 2046 sit
1286 2009 1405 2046 facile.
1423 2019 1449 2056 4

65 2080 103 2110 30
122 2074 191 2110 Est
221 2073 323 2111 enim
357 2075 513 2122 longum
544 2073 614 2111 iter
642 2073 983 2120 discedentemque
1022 2080 1069 2118 te,
1101 2074 1205 2120 quod
1240 2073 1409 2110 celeriter

121 2136 190 2173 tibi
214 2136 282 2173 erit
308 2138 465 2174 fortasse
494 2137 725 2182 faciendum,
748 2150 825 2173 non
853 2136 933 2173 sine
964 2149 1102 2183 magno
1128 2137 1259 2173 dolore
1285 2136 1409 2173 dimit-

165 2247 179 2267 1
205 2238 400 2268 cuicuimodi
417 2249 444 2268 v.
459 2249 479 2268 c.
495 2238 521 2267 L
536 2237 671 2277 (weng.)
686 2232 730 2266 Zb
745 2248 751 2268 z
778 2237 919 2266 cuimodi
939 2236 983 2266 C:
1008 2237 1186 2266 cuiusmodi
1205 2236 1241 2265 M
1387 2237 1407 2266 8

119 2281 264 2318 potuerit
277 2280 331 2311 M:
358 2282 478 2319 poterit
495 2281 581 2319 vulg.
706 2291 727 2318 9
751 2284 1035 2308 monumentorum
1053 2280 1178 2309 ornabo
1198 2279 1342 2308 omnium
1358 2279 1406 2308 in-

119 2323 224 2364 geniis
239 2324 435 2362 scriptorum
453 2323 585 2356 Palmer
669 2326 871 2360 sumptorum
890 2324 912 2351 Σ
930 2321 1025 2353 Rom.
1048 2332 1054 2351 τ
1078 2322 1273 2363 scriptorum
1291 2326 1318 2354 A.
