1690 2710
142 132 225 168 XV.

250 131 326 166 xiv
587 131 640 166 M.
671 129 835 166 TVLLI
866 128 1164 166 CICERONIS

232 244 457 287 perpetuum
492 235 699 274 Buthrotiis
728 234 891 285 praesidi
922 247 1134 283 magnaque
1162 246 1252 271 cura
1279 240 1316 270 et
1344 232 1520 271 sollicitu-

234 300 324 338 dine
352 300 522 337 Atticum
552 306 589 337 et
626 312 687 336 me
724 297 901 343 liberaris,
935 297 965 335 si
1003 299 1077 335 hoc
1114 296 1269 334 honoris
1300 295 1373 333 mei
1406 307 1520 333 causa

235 363 442 412 susceperis
479 370 520 399 ut
552 375 618 400 eos
651 374 799 410 semper
831 374 853 398 a
890 368 926 398 te
957 362 1134 398 defensos
1164 359 1266 397 velis.
1328 359 1445 406 Quod
1478 365 1519 396 ut

234 427 348 464 facias
369 434 405 464 te
424 427 668 463 vehementer
687 424 801 461 etiam
820 431 935 472 atque
955 423 1068 461 etiam
1088 424 1202 471 rogo.’

191 505 218 542 4
290 490 363 527 His
390 489 521 526 litteris
546 488 692 537 scriptis
721 501 782 525 me
809 489 859 525 ad
883 489 1064 532 συντάξεις
1089 486 1178 524 dedi
1192 500 1201 532 3
1239 498 1336 534 quae
1361 484 1517 534 quidem
1537 497 1554 529 5

199 880 216 906 1

191 1318 215 1346 2

189 1952 214 1990 3

235 566 365 591 vereor
391 565 440 589 ne
468 551 624 588 miniata
651 552 777 588 cerula
804 558 868 587 tua
896 549 1065 599 pluribus
1094 549 1187 586 locis
1215 549 1406 585 notandae
1432 547 1516 585 sint.

235 616 296 654 Ita
314 629 398 653 sum
417 616 589 664 μετέωρος
608 620 645 652 et
665 613 810 662 magnis
831 612 1125 661 cogitationibus
1145 610 1360 660 impeditus.

277 718 359 752 XV
570 719 637 751 Scr.
655 720 687 749 in
704 719 834 749 Antiati
848 719 895 749 Id.
914 719 988 750 Iun.
1008 729 1038 749 a.
1059 728 1114 757 710
1132 717 1214 757 (44).

629 793 794 824 CICERO
825 791 1000 823 ATTICO
1030 791 1132 823 SAL.

288 867 328 902 L.
350 864 521 903 Antonio
548 865 645 901 male
671 864 728 910 sit,
754 863 784 900 si
810 863 966 912 quidem
992 861 1200 900 Buthrotiis
1229 862 1411 899 molestus
1439 863 1519 899 est!

236 930 318 978 Ego
347 928 606 966 testimonium
635 926 834 976 composui
865 927 970 975 quod
998 939 1087 963 cum
1113 926 1216 963 voles
1245 924 1515 973 obsignabitur.

234 993 424 1029 Nummos
450 991 701 1040 Arpinatium,
728 990 757 1027 si
784 992 824 1027 L.
850 989 988 1027 Fadius
1016 988 1148 1026 aedilis
1175 995 1292 1037 petet,
1310 989 1369 1025 vel
1394 988 1518 1025 omnis

232 1055 391 1093 reddito.
458 1057 540 1104 Ego
572 1056 621 1092 ad
654 1062 690 1091 te
722 1053 795 1091 alia
824 1053 985 1103 epistula
1014 1051 1144 1101 scripsi
1171 1053 1214 1088 de
1243 1053 1311 1090 HS
1341 1054 1393 1089 c—Jc
1422 1065 1519 1100 quae

233 1118 352 1156 Statio
389 1125 616 1156 curarentur.
677 1117 716 1155 Si
753 1130 841 1165 ergo
878 1124 981 1166 petet
1020 1115 1170 1161 Fadius,
1203 1114 1237 1152 ei
1274 1117 1360 1152 volo
1398 1115 1516 1162 reddi,

232 1189 378 1231 praeter
398 1181 559 1220 Fadium
579 1180 732 1219 nemini.
790 1181 906 1229 Apud
933 1193 993 1217 me
1014 1179 1128 1218 ·titem
1151 1186 1245 1228 puto
1264 1178 1516 1227 depositum†.

234 1246 281 1283 Id
301 1245 431 1294 scripsi
449 1246 499 1283 ad
520 1246 675 1282 Erotem
695 1251 737 1281 ut
756 1244 939 1281 redderet.

286 1308 473 1358 Reginam
507 1307 581 1346 odi.
640 1308 687 1345 Id
717 1320 778 1345 me
807 1306 886 1344 iure
919 1308 1041 1345 facere
1074 1307 1144 1345 scit
1176 1320 1337 1356 sponsor
1364 1305 1519 1356 promis-

233 1385 360 1410 sorum
397 1371 477 1409 eius
513 1370 753 1416 Ammonius,
793 1383 890 1419 quae
928 1370 1084 1419 quidem
1122 1378 1227 1408 erant
1264 1372 1450 1421 φιλόλογα
1481 1377 1519 1408 et

233 1435 424 1485 dignitatis
448 1448 555 1472 meae
580 1442 621 1471 ut
647 1435 704 1471 vel
733 1433 771 1470 in
800 1433 979 1471 contione
1000 1434 1125 1472 dicere
1153 1436 1344 1472 auderem.
1401 1436 1518 1472 Saran

231 1506 370 1544 autem,
410 1505 671 1547 praeterquam
718 1498 822 1546 quod
869 1497 1054 1535 nefarium
1101 1497 1308 1543 hominem,
1356 1496 1518 1546 cognovi

232 1569 423 1611 praeterea
450 1561 489 1598 in
518 1574 579 1599 me
609 1568 886 1598 contumacem.
945 1563 1071 1599 Semel
1101 1574 1189 1599 eum
1222 1560 1380 1598 omnino
1412 1558 1517 1597 domi

232 1638 339 1663 meae
369 1624 455 1662 vidi.
514 1626 614 1663 Cum
644 1626 875 1673 φιλοφρόνως
904 1638 949 1662 ex
978 1638 1024 1662 eo
1053 1637 1271 1673 quaererem
1300 1623 1393 1672 quid
1421 1635 1517 1671 opus

231 1696 340 1734 esset,
362 1687 533 1726 Atticum
561 1701 601 1725 se
629 1687 722 1726 dixit
746 1701 934 1737 quaerere.
993 1687 1216 1737 Superbiam
1244 1694 1372 1724 autem
1400 1685 1517 1735 ipsius

231 1751 390 1800 reginae,
421 1765 508 1789 cum
537 1758 636 1789 esset
664 1759 765 1788 trans
793 1751 963 1788 Tiberim
992 1751 1031 1787 in
1059 1750 1187 1796 hortis,
1217 1761 1517 1787 commemorare

231 1815 312 1853 sine
332 1828 470 1864 magno
490 1816 620 1852 dolore
640 1828 718 1853 non
738 1828 905 1863 possum.
956 1814 1061 1852 Nihil
1080 1813 1190 1863 igitur
1210 1826 1296 1850 cum
1317 1812 1419 1858 istis;
1445 1824 1516 1849 nec

231 1886 309 1916 tam
328 1878 498 1915 animum
519 1891 580 1915 me
600 1891 714 1927 quam
736 1879 976 1915 stomachum
996 1877 1136 1914 habere
1155 1875 1391 1913 arbitrantur.

286 1941 564 1979 Profectionem
585 1954 721 1987 meam,
743 1948 784 1978 ut
803 1940 926 1986 video,
950 1939 1073 1977 Erotis
1093 1938 1326 1988 dispensatio
1345 1937 1515 1987 impedit.

233 2005 334 2042 Nam
364 2018 450 2042 curn
479 2017 524 2042 ex
551 2004 704 2053 reliquis
724 2017 822 2053 quae
842 2003 965 2042 Nonis
985 2002 1179 2052 Aprilibus
1207 2001 1296 2039 fecit
1322 2001 1519 2039 abundare

232 2069 405 2115 debeam,
436 2081 551 2117 cogor
580 2067 752 2113 mutuari,
784 2068 966 2116 quodque
996 2079 1042 2104 ex
1068 2065 1148 2104 istis
1176 2064 1377 2103 fructuosis
1405 2064 1517 2102 rebus

277 2158 315 2185 13
338 2148 378 2177 de
394 2147 466 2178 add.
486 2147 573 2187 vulg.
678 2157 715 2184 14
739 2157 757 2176 a
774 2147 879 2176 Statio
890 2146 972 2175 Boot
995 2157 1002 2177 :
1027 2145 1126 2175 Fadio
1145 2144 1273 2175 Graeler
1401 2153 1437 2182 15
1461 2143 1517 2173 de-

234 2190 371 2228 positum
384 2189 418 2208 *³⁹*
434 2190 616 2229 [Vesenbcrg
705 2199 740 2227 17
766 2189 827 2218 odi.
876 2188 912 2218 Id
926 2198 977 2217 me
993 2185 1031 2217 Z*
1051 2187 1148 2217 Orelli
1160 2198 1198 2217 ex
1209 2187 1282 2216 coni.
1299 2197 1305 2216 t
1330 2186 1398 2216 odit
1413 2196 1465 2215 me
1481 2183 1522 2214 M

234 2233 295 2262 scit
311 2232 374 2270 (κυεῖ
387 2233 478 2261 testis
489 2232 529 2261 sit
545 2233 593 2261 vel
607 2233 700 2262 testis
717 2232 781 2271 est)
804 2229 987 2270 Wesenberg
1002 2241 1008 2260 :
1032 2231 1074 2260 sit
1091 2229 1131 2259 M
1240 2230 1278 2258 18
1296 2227 1517 2258 *Hammonius

239 2273 362 2311 Tyrrell,
381 2274 418 2312 cf.
438 2274 529 2303 Fam.
560 2275 578 2304 i.
600 2283 626 2303 1.
650 2284 662 2303 1
805 2274 845 2302 26
868 2282 964 2311 quarn
986 2273 1187 2302 stomachum
1210 2270 1348 2301 Mu'ller:
1370 2269 1516 2308 quamvis

236 2316 428 2345 homachum
456 2315 511 2346 M:
546 2326 642 2353 quam
665 2316 750 2346 iuste
775 2315 980 2346 stomachum
1005 2311 1064 2344 Z⁶z
1098 2324 1195 2353 quam
1229 2314 1284 2343 vix
1313 2312 1517 2343 stomachum

235 2357 352 2387 Bassus
369 2357 396 2386 L
413 2360 548 2397 (mmg.)
566 2368 603 2387 ex
618 2368 646 2388 v.
665 2368 687 2387 c.
697 2358 776 2395 fort.
795 2361 868 2388 recte
1037 2358 1076 2387 28
1100 2360 1172 2387 ante
1190 2356 1357 2386 abundare
1374 2353 1445 2384 add.
1463 2352 1514 2383 vel

238 2399 319 2429 Crat.
337 2399 449 2429 codices
466 2400 658 2429 Oxom‘enses

1540 877 1577 899 10

1539 1194 1575 1226 15

1538 1510 1576 1531 20

1536 1825 1575 1857 25
