1590 2730
513 123 622 158 EPP.
653 122 729 157 AD
757 121 1008 159 ATTICVM
1272 122 1387 157 XIII.
1410 119 1547 156 xxxiii

118 237 276 279 uterque
296 236 465 267 nostrum
487 228 591 277 cupit
605 242 616 274 ,·
643 229 711 265 sed
731 227 800 265 ista
821 241 877 265 res
898 230 1003 266 nullo
1023 229 1140 266 modo
1156 227 1406 276 relinquenda

117 300 184 330 est.
241 294 437 331 Othonem
466 292 571 340 quod
600 304 726 340 speras
755 303 867 339 posse
892 290 992 328 vinci
1021 304 1111 328 sane
1140 291 1238 329 bene
1267 304 1403 328 narras.

120 358 180 393 De
211 355 485 401 aestimatione,
520 361 561 391 ut
594 353 736 399 scribis,
772 367 859 391 cum
890 366 999 402 agere
1032 354 1270 402 coeperimus
1286 368 1295 400 3
1335 354 1405 391 etsi

117 418 211 455 nihil
248 417 396 467 scripsit
432 416 503 454 nisi
540 418 588 454 de
626 417 743 454 modo
780 415 867 465 agri.
925 418 1024 454 Cum
1059 416 1207 462 Pisone,
1244 416 1273 453 si
1311 416 1403 465 quid

81 496 96 526 5
117 480 265 530 poterit.
329 479 553 518 Dicaearchi
599 479 736 516 librum
782 478 913 528 accepi
959 486 996 517 et
1042 481 1277 528 καταβάσεως
1321 483 1404 518 'tex-

117 548 283 594 specto†.

171 606 188 626 *
223 608 239 626 *
272 606 289 625 *
320 606 514 655 negotium
535 604 696 651 dederis,
717 605 876 654 reperiet
902 619 947 643 ex
975 619 1022 643 eo
1044 605 1141 643 libro
1160 605 1199 642 in
1219 618 1296 654 quo
1316 612 1403 642 sunt
1421 610 1444 646 3

117 678 270 708 senatus
297 671 470 707 consulta
490 670 560 707 Cn.
579 668 759 707 Cornelio
784 670 825 705 L.
847 670 1036 705 llffummio
1054 681 1150 705 coss.
1209 670 1268 705 De
1288 667 1405 705 Tudi-

118 741 208 771 tano
239 741 367 771 autem
398 734 503 781 quod
536 740 656 781 putas,
687 734 838 783 εὔλογον
866 739 923 769 est
955 739 1036 768 turn
1074 731 1190 776 illum,
1223 730 1404 779 quoniam

64 815 99 836 ιο
117 797 186 834 fuit
206 798 255 834 ad
275 796 503 835 Corinthum
533 797 625 841 (non
651 795 754 833 enim
780 803 922 832 temere
947 794 1040 833 dixit
1062 793 1320 844 Hortensius),
1342 800 1407 830 aut

118 868 357 909 quaestorem
389 865 458 896 aut
487 859 681 896 tribunum
716 859 791 896 mil.
824 858 948 904 fuisse,
978 859 1094 907 idque
1123 857 1249 907 potius
1278 859 1404 895 credo.

117 925 178 960 Tu
211 925 260 960 de
297 923 492 960 Antiocho
535 922 629 959 scire
672 921 811 971 poteris
850 922 960 961 †vide
998 921 1146 967 etiani†‚
1186 934 1264 970 quo
1303 934 1406 958 anno

117 993 294 1034 quaestor
325 992 390 1022 aut
418 985 591 1022 tribunus
622 984 698 1021 mil.
729 984 865 1031 fuerit3
904 984 933 1021 si
964 992 1139 1021 neutrum
1170 988 1237 1022 †ea
1265 985 1339 1023 de†
1366 983 1404 1020 in

117 1049 314 1098 praefectis
342 1062 391 1086 an
420 1048 458 1086 in
486 1048 823 1087 contubernalibus
856 1048 976 1094 fuerit,
1008 1048 1125 1085 modo
1154 1047 1263 1085 fuerit
1291 1047 1330 1084 in
1358 1060 1405 1085 eo

61 1129 96 1159 15
118 1114 229 1151 bello.

158 1255 359 1290 XXXIII
372 1267 395 1289 a
431 1258 500 1290 Ser.
524 1259 556 1288 in
577 1258 757 1288 Tusculano
773 1258 876 1288 viz'ld.
900 1258 1006 1296 Quint.
1027 1268 1056 1288 (ι.
1075 1267 1132 1297 709
1151 1257 1228 1297 (45).

509 1344 676 1374 CICERO
705 1343 883 1373 ATTICO
911 1342 1014 1374 SAL.

170 1433 229 1468 De
249 1433 419 1468 Varrone
448 1430 722 1479 loquebamur:
756 1432 867 1479 lupus
896 1431 934 1468 in
962 1432 1100 1469 fabula.
1157 1431 1273 1469 Venit
1301 1430 1402 1469 enim
1423 1443 1438 1469 1
1459 1431 1511 1473 (4)

114 1496 163 1532 ad
184 1508 244 1532 me
265 1502 301 1532 et
322 1494 478 1543 quidem
499 1493 538 1531 id
558 1493 739 1542 temporis
765 1501 807 1531 ut
832 1493 1052 1532 retinendus
1073 1502 1180 1532 esset.
1238 1496 1313 1532 Sed
1334 1508 1404 1543 ego

60 1575 96 1595 20
115 1558 166 1596 ita
194 1557 253 1607 egi
281 1565 322 1595 ut
351 1571 428 1595 non
458 1557 671 1595 scinderem
700 1559 914 1606 paenulam.
973 1557 1135 1594 Memini
1165 1557 1267 1595 enim
1296 1565 1402 1594 tuum

118 1623 188 1658 ‘Et
226 1621 333 1658 multi
371 1628 477 1658 erant
514 1634 662 1669 nosque
699 1620 895 1669 imparati)
951 1620 1055 1668 Quid
1093 1622 1231 1658 refert?
1286 1622 1405 1657 Paulo

114 1692 200 1734 post
230 1686 272 1723 C.
299 1684 438 1734 Capito
466 1698 554 1722 cum
583 1686 627 1721 T.
657 1684 862 1723 Carrinate.
895 1707 897 1709 ·
932 1686 1084 1721 Horum
1113 1697 1184 1732 ego
1211 1683 1271 1720 vix
1299 1683 1403 1731 attigi

156 1798 175 1825 5
200 1787 324 1826 poteris
341 1786 489 1817 Schmidt
568 1790 642 1826 post
658 1787 775 1816 librum
802 1785 949 1816 excidisse
974 1784 1039 1823 περὶ
1064 1784 1166 1821 ψυχῆς
1190 1784 1264 1813 com'.
1285 1782 1400 1813 Lamb.

114 1830 290 1869 exspecto]
321 1829 370 1859 De
402 1829 524 1867 Spurio
557 1829 584 1858 si
616 1829 667 1858 cui
694 1830 782 1867 (cum
813 1828 1023 1866 sequentibus)
1054 1826 1202 1856 Schmidt
1297 1836 1313 1863 7
1331 1829 1404 1864 post

115 1876 272 1910 exspecto
297 1872 441 1902 atridis&
456 1871 524 1909 sere
550 1873 606 1901 l1oc
631 1871 679 1900 De
705 1881 724 1900 x
753 1871 867 1909 legatis
895 1870 1063 1899 Antiocho
1085 1869 1264 1907 suspicatur
1282 1868 1402 1897 Sclzz'ilz

115 1915 133 1943 8
159 1914 315 1944 Mummio
330 1914 404 1944 add.
419 1913 510 1943 Man.
643 1925 664 1951 9
686 1914 856 1953 quoniam]
875 1923 947 1942 cum
968 1912 1151 1950 lVesenbetg
1287 1920 1324 1939 10
1347 1916 1401 1940 aut

115 1962 322 1995 quaestorem
339 1961 392 1986 aut
409 1957 571 1986 tribunum
590 1956 725 1985 militum
744 1955 835 1986 ,Mam
855 1965 861 1984 :
894 1956 934 1984 ad
951 1958 1159 1993 quaestorem
1180 1952 1247 1982 TR.
1291 1952 1400 1990 nilque

116 1999 163 2027 M¹
184 1999 242 2036 (nil
256 1998 324 2037 M2)
430 2009 463 2028 11
490 1999 601 2036 fuisse,
616 1999 713 2036 idque
731 1999 840 2036 potius
856 1998 966 2027 credo.
1013 1997 1062 2026 Tu
1078 1997 1119 2025 de
1129 1995 1277 2025 Ernesti:
1301 1994 1399 2032 idque

115 2041 224 2079 potius
242 2041 352 2071 fuisse.
384 2042 442 2070 sed
460 2041 558 2070 credo
574 2045 607 2070 te
624 2041 664 2070 de
678 2039 723 2079 M,
738 2044 766 2070 ct
782 2041 823 2070 ita
839 2039 986 2069 Schmidt
1001 2039 1091 2068 sedis
1107 2042 1140 2067 tu
1153 2042 1213 2076 pro
1230 2041 1275 2067 te:
1302 2037 1399 2075 idque

114 2084 223 2121 potius
241 2084 339 2114 fuisse
357 2084 466 2113 credo.
518 2083 566 2112 Tu
584 2084 624 2113 de
642 2083 727 2122 vulg.
928 2092 964 2111 12
987 2082 1116 2111 Antaeo
1132 2079 1216 2110 Reid
1227 2079 1292 2109 coll.
1312 2089 1363 2116 44.
1379 2089 1398 2117 3

114 2126 190 2155 vide
218 2126 315 2156 etiam
340 2125 611 2165 transponendum
636 2129 708 2154 ante
731 2126 762 2154 in
787 2124 963 2163 praefectis
988 2124 1065 2153 coni.
1104 2123 1209 2152 Boot:
1246 2121 1400 2151 videlicet

113 2166 282 2198 Sclzmz'dt:
319 2168 472 2198 videlicet
508 2169 604 2197 etiam
639 2168 775 2197 Gnrlz'tt:
812 2167 886 2196 vide
924 2167 1022 2196 etiam
1055 2171 1150 2203 atque
1175 2164 1272 2194 etiam
1306 2163 1404 2193 Orelli

119 2220 156 2248 13
179 2221 218 2240 ea
236 2211 277 2240 de
293 2209 348 2240 M:
377 2211 539 2249 cadat(et)
556 2208 659 2239 ZO1L
678 2210 815 2249 (marg.)
830 2219 857 2239 v.
871 2220 891 2239 c.
909 2219 916 2238 :
940 2209 1054 2238 eadem
1074 2207 1134 2238 02:
1159 2207 1276 2236 eodem
1289 2206 1398 2236 Mam:

115 2254 253 2290 quadret
282 2252 419 2282 Rosius:
454 2253 529 2282 vide
561 2262 603 2282 ne
634 2251 788 2291 Aladwjg:
827 2251 943 2281 saltem
974 2250 1111 2280 Gurlitt:
1143 2259 1221 2278 erue
1253 2248 1402 2278 Albreclzt

119 2304 155 2332 14
178 2305 221 2324 an
238 2296 375 2325 Rosius:
398 2299 453 2324 aut
469 2294 510 2323 M
613 2304 653 2324 ρο
678 2294 810 2323 Memini
829 2294 914 2323 enim
933 2298 1022 2322 tuum
1042 2298 1093 2327 (sc.
1111 2291 1231 2322 dictum
1251 2290 1402 2320 ‘scindere

110 2334 287 2376 paenulam
300 2337 354 2377 ')—
367 2338 490 2367 etenim
509 2337 598 2367 multi
615 2336 698 2366 Reid
