1790 2730
595 128 705 164 EPP.
731 128 811 164 AD
840 127 1091 165 ATTICVM
1393 125 1501 161 XIV.
1523 122 1599 162 xix
1629 127 1633 132 '

205 249 268 274 me
296 238 448 274 hercule
476 236 528 273 ita
555 235 713 281 videtur,
741 248 820 272 non
848 235 1017 283 potuisse
1046 234 1166 271 maior
1194 233 1257 270 tali
1287 246 1325 270 re
1353 232 1495 280 talique

205 306 386 349 tempore.
444 300 520 336 Sed
557 306 685 335 tamen
722 297 906 346 quicquid
944 297 977 334 ei
1015 296 1152 342 tribuo,
1185 296 1311 333 tribuo
1344 309 1389 332 ex
1422 294 1495 331 tuis

203 363 345 400 litteris.
402 362 491 399 Tibi
519 375 608 399 vero
639 361 834 398 adsentior
866 360 1048 398 maiorem
1078 362 1207 409 πρᾶξιν
1239 359 1319 397 eius
1353 360 1431 395 fore
1465 357 1496 395 si

204 426 297 463 mihi
329 427 433 475 quod
471 425 603 463 debuit
636 424 858 462 dissolverit.
918 427 1055 461 Brutus
1089 424 1202 461 velim
1241 423 1287 460 sit
1320 424 1491 459 Asturae.

167 501 185 532 5
205 491 322 538 Quod
342 497 469 526 autem
489 490 620 526 laudas
641 501 702 525 me
722 489 827 537 quod
847 486 950 524 nihilv
963 495 1051 525 ante
1077 488 1125 525 de
1152 485 1387 535 profectione
1407 499 1493 523 con·
1513 491 1541 527 6

204 553 357 590 stituam
378 565 492 601 quam
512 551 583 589 ista
603 564 679 600 quo
700 564 856 589 evasura
876 550 950 588 sint
966 550 1110 596 videro,
1125 557 1231 587 muto
1252 548 1490 586 sententiam.

204 617 342 664 Neque
375 615 580 664 quicquam
619 622 747 652 tamen
784 622 872 651 ante
903 626 1018 662 quam
1052 620 1089 651 te
1118 613 1259 651 videro.
1325 611 1493 648 Atticam

204 692 328 716 meam
348 678 483 727 gratias
504 677 596 715 mihi
616 691 725 727 agere
745 679 793 715 de
814 684 932 714 matre
958 677 1107 725 gaudeo
1123 690 1131 722 ;
1165 676 1225 713 cui
1247 674 1402 723 quidem
1424 687 1494 723 ego
1592 700 1691 750 ω

203 749 323 779 totam
352 741 479 778 villam
508 742 720 789 cellamque
749 739 886 778 tradidi
915 753 1077 788 eamque
1105 738 1319 787 cogitabam
1348 749 1372 773 v
1402 738 1496 774 Idus
1521 708 1581 804 ὦ
1606 764 1618 797 3
1696 710 1780 800 ''⁵2-

147 817 186 840 10
205 804 341 842 videre.
399 805 459 841 Tu
488 786 638 842 Attffie
666 805 827 841 salutem
853 803 967 841 dices.
1025 803 1108 840 Nos
1132 801 1267 839 Piliam
1295 799 1496 849 diligenter
1511 816 1686 874 &Q
1701 817 1765 852 df

204 867 440 926 tuebimur7
1514 861 1756 901 actm-ule?

246 1009 330 1043 XX
489 1011 554 1043 Ser.
575 1012 608 1042 in
624 1012 799 1043 Puteolano
814 1023 834 1042 v
849 1011 895 1042 Id.
916 1011 994 1042 Mai.
1015 1021 1046 1042 a.
1066 1020 1121 1049 710
1141 1012 1224 1051 (44).

599 1097 767 1128 CICERO
797 1097 972 1127 ATTICO
1001 1095 1104 1127 SAL.

258 1185 290 1221 E
311 1171 547 1232 Pompeiano
574 1184 659 1221 navi
685 1185 866 1221 advectus
894 1197 976 1221 sum
1004 1184 1042 1220 in
1064 1182 1212 1220 Luculli
1233 1181 1350 1220 nostri
1371 1180 1495 1229 hospi·
1515 1194 1531 1221 1

149 1257 185 1289 15
204 1246 299 1301 tium
319 1258 358 1282 vl
381 1247 586 1283 Idus-hora
606 1248 682 1284 fere
703 1246 819 1283 tertia.
868 1248 1050 1295 Egressus
1070 1254 1197 1283 autem
1218 1259 1238 1282 e
1259 1244 1344 1282 navi
1364 1243 1495 1292 accepi

203 1317 286 1347 tuas
306 1309 446 1347 litteras
467 1322 560 1358 quas
581 1317 667 1347 tuus
683 1309 898 1347 tabellarius
919 1309 957 1346 in
971 1311 1189 1348 Cumanum
1210 1308 1380 1345 attulisse
1395 1307 1494 1345 dice-

204 1373 313 1410 batur
334 1372 456 1410 Nonis
484 1372 596 1409 Maiis
620 1373 737 1410 datas.
795 1374 830 1409 A
858 1374 1020 1409 Lucullo
1044 1371 1226 1421 postridie
1252 1373 1386 1409 eadem
1417 1372 1494 1408 fere

203 1439 296 1474 hora
311 1437 397 1475 veni
418 1437 455 1473 in
472 1438 736 1474 Puteolanum.
785 1436 845 1476 Ibi
865 1436 995 1485 accepi
1017 1438 1110 1473 duas
1131 1436 1492 1484 epistulas‚alterani

204 1500 338 1547 Nonis,
373 1502 528 1537 alteram
559 1512 614 1536 Vll
648 1501 740 1537 Idus
774 1499 948 1537 Lanuvio
981 1501 1099 1537 datas.
1168 1498 1272 1536 Audi
1303 1498 1413 1547 igitur
1444 1498 1494 1535 ad
1514 1510 1537 1536 2

146 1579 184 1599 20
203 1563 338 1602 omnis.
396 1563 576 1609 Primum,
606 1576 703 1612 quae
730 1564 779 1600 de
804 1576 843 1600 re
873 1575 958 1600 mea
984 1569 1089 1611 gesta
1114 1569 1151 1599 et
1179 1561 1219 1598 in
1244 1561 1434 1598 solutione
1457 1568 1494 1598 et

202 1625 241 1663 in
263 1626 428 1665 Albiano
448 1627 612 1676 negotio,
635 1634 748 1676 grata.
807 1628 867 1664 De
887 1633 953 1663 tuo
976 1633 1104 1663 autem
1125 1626 1327 1670 Buthroto,
1346 1637 1434 1661 cum
1455 1624 1493 1661 in

203 1690 439 1740 Pompeiano
473 1704 607 1737 essem,
645 1690 839 1727 Misenum
870 1689 973 1727 venit
1006 1688 1208 1726 Antonius.
1277 1688 1374 1725 Inde
1406 1694 1494 1725 ante

203 1754 511 1809 discessit2quam
531 1754 637 1791 illurn
659 1754 807 1791 venisse
827 1753 1029 1797 audissem,
1052 1752 1091 1788 in
1112 1750 1319 1789 Samnium.
1360 1752 1396 1788 A
1416 1763 1494 1798 quo

203 1816 290 1855 vide
319 1816 411 1866 quid
439 1831 576 1867 speres.
636 1819 784 1854 Romae
813 1817 924 1866 igitur
951 1817 1000 1854 de
1025 1815 1222 1852 Buthroto.
1280 1816 1322 1850 L.
1347 1813 1494 1851 Antoni

147 1892 184 1924 25
206 1880 392 1918 horribilis
412 1881 556 1927 contio,
577 1882 801 1918 Dolabellae
823 1881 1022 1929 praeclara.
1082 1880 1163 1915 Iam
1185 1878 1243 1914 vel
1264 1876 1335 1914 sibi
1355 1877 1495 1914 habeat

204 1956 392 1989 nummos,
412 1945 528 1982 modo
549 1951 722 1981 numeret
744 1943 887 1981 Idibus.
930 1943 1122 1994 Tegt-ullae
1143 1942 1283 1978 nollem
1304 1940 1491 1977 abortum.
1543 1926 1760 1987 maula-(14,

203 2007 300 2043 Tam
325 2006 426 2044 enim
447 2006 569 2046 Cassii
589 2014 676 2044 sunt
702 2006 777 2044 iam
798 2020 913 2055 quam
934 2005 1040 2043 Bruti
1068 2004 1228 2042 serendi.
1287 2005 1347 2041 De
1367 2002 1495 2052 regina

249 2116 261 2136 1
287 2107 448 2146 potuisset
469 2106 607 2137 Imu'us:
632 2107 794 2145 potuisset
818 2116 892 2136 esse
911 2106 988 2136 coni.
1011 2104 1197 2145 ll'esenberg
1337 2115 1356 2141 4
1380 2103 1494 2134 debuit

202 2153 270 2180 vetl.
289 2161 294 2180 :
329 2149 427 2179 debui
454 2143 565 2179 M¹Zl:
598 2150 696 2179 debet
721 2149 904 2188 Malaspina
1102 2149 1149 2186 18,
1182 2158 1219 2186 19
1242 2147 1275 2176 in
1295 2170 1300 2176 .
1319 2170 1325 2176 .
1346 2169 1352 2176 .
1376 2146 1493 2182 Nonis,

163 2192 187 2196 “
205 2191 340 2222 alteram
357 2192 402 2222 C:
425 2202 489 2221 om.
507 2190 549 2220 M
687 2202 728 2222 20
751 2193 835 2230 gesti
852 2191 928 2221 (oni.
945 2190 1027 2220 Boot
1164 2200 1204 2228 23
1228 2189 1346 2226 audivi,
1371 2187 1492 2218 lVesen·

203 2233 278 2273 berg
424 2234 456 2263 in
475 2234 642 2264 Samnium
658 2245 665 2264 :
688 2244 707 2263 a
722 2244 786 2272 quo
809 2233 990 2272 Wesenberg
1004 2243 1009 2261 :
1035 2243 1053 2262 a
1068 2243 1133 2270 quo
1152 2232 1185 2262 in
1199 2232 1366 2262 Samnium
1386 2230 1469 2261 codd.
1485 2241 1493 2260 :

204 2285 223 2305 a
239 2285 302 2313 quo
319 2275 498 2306 insanienti
515 2276 621 2306 Koch:
647 2276 796 2314 Aequum
814 2275 1008 2306 Samnitium
1023 2274 1169 2305 Schmidt
1319 2283 1358 2311 25
1383 2273 1492 2303 contio

210 2315 283 2348 Vict.
300 2328 307 2348 z
331 2319 496 2348 contentio
514 2318 552 2347 M
