1590 2730
97 149 141 184 X.
165 147 238 183 viii
556 148 608 183 M.
641 147 802 183 TVLLI
833 147 1127 185 CICERONIS

191 254 391 292 fefellisset.
451 256 532 292 Nos
561 261 688 291 tamen
718 255 791 291 hoc
825 255 1093 291 confirmamus
1126 253 1190 291 illo
1218 253 1374 302 augurio
1403 266 1480 302 quo

149 317 364 364 8diximus,
397 331 468 355 nec
506 331 574 354 nos
613 316 705 354 fallit
742 330 812 354 nec
849 316 955 354 aliter
991 316 1148 354 accidet.
1218 318 1378 354 Corruat
1409 316 1480 354 iste

191 394 346 418 necesse
375 388 430 418 est
450 388 514 432 aut
534 394 600 428 per
624 379 856 417 adversarios
885 387 948 416 aut
976 374 1056 428 ipse
1082 393 1148 428 per
1174 392 1213 416 36
1238 379 1302 427 qui
1322 378 1478 427 quidem

191 444 262 481 sibi
291 451 346 481 est
374 443 607 481 adversarius
636 456 734 479 unus
764 443 976 480 acerrimus.
1035 444 1082 480 Id
1111 455 1220 491 spero
1247 441 1340 479 vivis
1367 442 1478 479 nobis

190 509 295 553 fore;
322 520 555 555 quamquam
583 514 731 555 tempus
758 514 814 543 est
843 519 912 543 nos
937 507 984 543 de
1011 506 1072 543 illa
1092 513 1273 555 perpetua
1293 504 1377 551 iam,
1400 518 1479 542 non
1497 519 1514 550 5

190 572 238 608 de
267 572 338 607 hac
367 570 500 619 exigua
527 570 602 607 vita
631 570 803 619 cogitare.
862 569 927 607 Sin
956 569 1049 618 quid
1077 568 1256 606 acciderit
1283 568 1476 616 maturius,

190 635 293 671 haud
330 646 420 671 sane
458 646 542 670 mea
583 635 745 670 multum
789 632 997 670 interfuerit
1036 640 1163 670 utrum
1199 633 1342 669 factum
1381 629 1477 684 [fiat]

189 696 339 734 videam
369 710 417 733 an
444 697 611 733 futurum
641 709 722 733 esse
751 698 871 733 multo
899 704 987 733 ante
1015 695 1183 733 viderim.
1247 697 1358 743 Quae
1387 708 1476 733 curn

189 759 239 796 ita
272 760 356 805 sint,
387 772 466 796 non
495 767 551 797 631
579 759 898 797 committendum
923 767 965 797 ut
994 759 1039 797 iis
1069 772 1222 808 paream
1255 771 1351 807 quos
1388 771 1477 796 con-

188 830 243 860 tra
269 837 329 860 me
359 830 522 869 senatus,
551 837 600 861 ne
630 823 723 872 quid
753 836 810 860 res
843 823 997 872 publica
1026 822 1244 860 detrimenti
1273 821 1471 871 acciperet,
1496 836 1535 859 10

186 887 352 924 armavit.

139 956 166 992 9
239 949 326 985 Tibi
347 956 434 986 sunt
454 949 584 988 onmia
603 951 880 995 commendata,
897 962 994 997 quae
1006 947 1351 986 commendationis
1367 961 1475 986 meae

186 1025 255 1060 pro
296 1019 362 1048 tuo
401 1011 440 1050 in
482 1025 553 1049 nos
582 1025 711 1049 amore
741 1025 819 1048 non
852 1011 1032 1060 indigent.
1093 1012 1178 1048 Nec
1214 1011 1367 1048 hercule
1403 1024 1474 1063 ego

185 1074 341 1123 quidem
362 1075 507 1123 reperio
527 1074 620 1123 quid
646 1074 808 1112 scribam
823 1088 832 1121 ς
860 1075 976 1111 sedeo
995 1074 1099 1111 enim
1117 1074 1333 1111 πλουδοκῶν.
1392 1073 1473 1111 Ε131

185 1136 279 1174 nihil
320 1151 503 1186 umquam
550 1145 627 1174 tam
673 1137 742 1174 fuit
788 1137 1031 1174 scribendum
1077 1150 1193 1186 quam
1240 1136 1334 1174 nihil
1379 1135 1472 1173 mihi
1494 1150 1532 1183 15

185 1212 368 1248 umquam
398 1214 444 1238 ex
475 1200 646 1249 plurimis
679 1200 753 1237 tuis
786 1199 1084 1238 iucunditatibus
1117 1200 1256 1248 gratius
1288 1198 1472 1236 accidisse

185 1275 299 1312 quam
338 1265 443 1312 quod
482 1277 607 1301 meam
638 1263 805 1300 Tulliam
849 1263 1070 1300 suavissime
1107 1262 1472 1311 diligentissimeque

183 1326 342 1363 coluisti.
396 1327 519 1363 Valde
539 1339 585 1363 eo
605 1326 686 1374 ipsa
705 1327 892 1363 delectata
911 1333 976 1370 est,
996 1339 1067 1374 ego
1086 1333 1213 1363 autem
1234 1339 1311 1362 non
1332 1324 1467 1363 minus.

185 1389 303 1427 Cuius
341 1389 497 1438 quidem
534 1389 650 1426 virtus
688 1389 853 1426 mirifica.
917 1391 1006 1437 Quo
1045 1390 1161 1426 modo
1199 1388 1262 1426 illa
1298 1390 1367 1426 fert
1404 1402 1469 1438 pu-

182 1452 322 1489 blicam
363 1453 521 1498 cladem,
562 1466 639 1501 quo
685 1453 802 1490 modo
848 1451 1076 1490 domesticas
1123 1451 1257 1489 tricas!
1303 1459 1468 1500 quantus
1489 1466 1528 1488 20

182 1522 309 1552 autem
337 1515 486 1552 animus
515 1514 554 1552 in
582 1515 751 1552 discessu
780 1517 932 1552 nostro!
982 1517 1050 1552 Est
1076 1517 1223 1566 στοργή,
1241 1522 1297 1552 631
1320 1528 1469 1552 summa

183 1579 358 1626 σύντηξις.
415 1580 563 1615 Tamen
597 1591 667 1615 nos
704 1585 805 1616 recte
841 1579 964 1616 facere
1001 1585 1038 1616 61
1075 1579 1174 1616 bene
1209 1578 1341 1616 audire
1377 1579 1466 1615 vult.

118 1652 164 1681 10
183 1642 259 1678 Sed
287 1642 358 1678 hac
384 1654 496 1690 super
526 1654 564 1679 re
590 1654 633 1678 ne
661 1641 783 1686 nimis,
810 1655 859 1679 ne
887 1654 1012 1679 meam
1036 1641 1117 1692 ipse
1145 1642 1369 1691 συμπάθειαν
1394 1640 1469 1679 iam

182 1718 347 1742 evocem.

233 1770 293 1805 Tu
323 1768 352 1805 si
382 1768 474 1817 quid
503 1770 551 1806 de
582 1769 779 1818 Hispaniis
817 1769 953 1807 certius
982 1777 1018 1807 61
1047 1769 1077 1807 31
1106 1770 1199 1819 quid
1231 1770 1344 1816 aliud,
1375 1770 1469 1807 dum
1489 1781 1527 1812 25

180 1832 373 1877 adsumus,
396 1832 546 1878 scribes,
573 1840 609 1870 61
638 1846 707 1881 ego
736 1835 892 1871 fortasse
916 1834 1117 1871 discedens
1144 1835 1245 1872 dabo
1273 1836 1322 1871 ad
1345 1841 1382 1871 te
1407 1833 1470 1870 ali-

182 1894 275 1943 quid
312 1907 358 1931 eo
402 1894 515 1931 etiam
554 1896 670 1943 magis
709 1899 813 1945 quod
850 1897 976 1934 Tullia
1012 1906 1048 1935 te
1085 1911 1163 1935 non
1201 1899 1358 1947 putabat
1395 1899 1469 1935 hoc

182 1964 352 2005 tempore
372 1971 417 1995 ex
438 1958 555 1995 Italia.
615 1961 713 1998 Cum
734 1961 905 1998 Antonio
925 1961 1015 1998 item
1035 1969 1091 1999 est
1110 1963 1301 2010 agendum
1321 1968 1361 1998 ut
1381 1974 1468 1998 cum

183 2019 349 2057 Curione
384 2021 539 2058 Melitae
569 2035 629 2060 me
658 2025 752 2061 velle
780 2037 872 2070 esse,
903 2025 990 2062 huic
1023 2024 1122 2062 civili
1150 2026 1251 2063 bello
1284 2026 1384 2062 nolle
1416 2023 1470 2060 in—

225 2132 243 2151 2
266 2123 390 2153 accidet
410 2124 500 2155 Man.
519 2136 525 2154 :
552 2125 612 2154 -dit
629 2124 713 2155 codd.
860 2137 875 2164 7
900 2126 956 2155 fiat
975 2125 1064 2155 O¹M¹
1081 2137 1086 2155 :
1112 2136 1174 2156 om.
1195 2125 1245 2154 M-’
1262 2125 1344 2156 edd.:
1371 2126 1468 2157 suerit

182 2163 260 2194 RF:
286 2165 347 2194 iam
364 2167 439 2197 com‘.
458 2166 574 2196 Mizller
749 2177 785 2205 13
811 2168 878 2199 Nec
895 2168 1086 2206 Hosnmnn:
1112 2179 1153 2198 ne
1169 2168 1254 2199 codd.
1430 2179 1467 2207 14

182 2207 375 2247 πλουδοκῶν]
392 2210 489 2239 πλοῦν
506 2209 681 2249 προσδοκῶν
698 2209 903 2249 Dansquez'us
1081 2221 1117 2240 ‘21
1145 2211 1202 2240 Est
1219 2210 1347 2250 στοργή,
1367 2215 1417 2240 631
1438 2211 1466 2242 L

184 2250 507 2289 (marg.)v.c.V1·ct.:
539 2252 581 2282 sit
605 2253 740 2291 στοργῆς
763 2254 805 2282 311
829 2253 914 2283 codd.
1088 2263 1127 2291 23
1151 2263 1186 2284 re
1209 2263 1251 2283 ne
1275 2254 1371 2283 nimis
1386 2252 1467 2282 Leh-

184 2302 286 2321 mann
302 2305 308 2323 :
332 2294 428 2323 remis
445 2293 528 2325 codd.
545 2306 551 2325 :
576 2305 611 2324 re
628 2296 723 2325 nimis
740 2295 839 2325 multa
856 2295 930 2326 coni.
951 2294 1133 2335 Wesenberg
1217 2305 1258 2335 29
1280 2295 1364 2326 civili
1380 2294 1467 2326 bello

188 2332 387 2375 Wesenberg:
413 2336 521 2368 libello
539 2336 596 2368 M:
620 2336 705 2367 bello
723 2336 799 2367 RPs
