1590 2730
91 804 127 825 10

91 1256 126 1285 1³

90 1572 128 1592 20

537 118 646 153 EPP.
676 118 751 153 Al)
781 117 1030 153 ATTICVM
1365 113 1432 148 XI.
1457 121 1516 146 xx

145 233 252 269 spem
272 221 453 270 explorati
473 222 666 258 haberent.
724 222 800 258 Sed
820 229 856 258 et
875 220 947 258 alia
974 221 1143 258 timenda
1163 227 1250 257 sunt
1275 220 1324 256 ab
1344 218 1424 256 aliis

150 284 389 333 meztisque,
423 293 461 321 et
497 285 545 322 ab
584 286 658 321 hoc
695 284 778 332 ipso
812 298 909 332 quae
942 285 1090 329 dantur,
1126 292 1167 320 ut
1199 297 1221 320 a
1253 282 1425 327 domino,

145 360 270 384 rursus
291 347 329 384 in
349 348 520 385 eiusdem
547 355 635 384 sunt
660 355 857 396 potestate.
916 348 1042 384 Etiam
1072 346 1249 384 Sallustio
1269 345 1423 394 ignovit.

146 410 317 448 Omnino
337 410 474 448 dicitur
493 410 637 448 nemini
657 424 794 459 negare
808 425 817 458 Υ;
846 412 951 459 quod
971 411 1095 459 ipsum
1117 418 1173 447 est
1193 417 1422 458 suspectum,
1445 420 1468 446 2

145 473 340 510 notionem
365 473 446 510 eius
472 473 620 511 differri.
680 476 733 511 M.
758 474 903 511 Gallius
925 475 971 521 Q.
995 475 1016 510 f.
1041 473 1230 521 mancipia
1250 472 1426 509 Sallustio

145 535 320 573 reddidit.
380 538 417 573 Is
443 536 545 573 venit
569 544 610 573 ut
635 536 803 586 legiones
829 537 868 574 in
895 536 1061 574 Siciliam
1088 537 1310 573 traduceret.
1368 537 1426 572 Eo

145 598 316 647 protinus
336 599 475 636 iturum
497 600 698 638 Caesarem
722 599 850 637 Patris.
900 601 1019 647 Quod
1038 599 1066 636 si
1089 598 1199 636 faciet
1219 612 1299 647 ego,
1323 599 1427 646 quod

145 669 232 699 ante
265 663 428 709 mallem,
459 662 588 711 aliquo
621 662 775 711 propius
812 664 1004 700 accedam.
1061 664 1165 699 Tuas
1202 662 1342 698 litteras
1378 662 1427 698 ad

145 738 208 762 eas
237 725 375 773 quibus
403 739 426 762 a
454 733 490 763 te
518 725 688 775 proxime
717 725 918 763 consilium
952 725 1067 775 petivi
1096 727 1341 763 vehementer
1370 738 1428 763 ex-

145 796 286 838 specto.
345 791 450 827 Vale.
506 801 575 826 xm
600 791 684 827 Kal.
709 788 952 839 Septembris.

185 939 292 974 XXI
393 943 458 973 Ser.
479 943 637 973 Brundisi
650 943 752 973 viani
770 954 786 973 v
803 943 842 973 K.
863 943 947 982 Sfpl.
970 954 998 973 a.
1021 953 1077 982 707
1095 944 1176 983 (47).

536 1029 706 1058 CICERO
737 1029 902 1059 ATTICO
935 1029 1027 1059 SAL.

197 1115 339 1163 Accepi
368 1127 405 1151 vr
430 1117 513 1152 Kal.
538 1116 638 1164 Sept.
661 1115 801 1152 litteras
821 1128 842 1151 a
863 1124 898 1152 te
922 1116 1028 1152 datas
1053 1127 1111 1151 xri
1135 1116 1219 1152 Kal.
1243 1115 1427 1152 dolorem·
1446 1126 1463 1153 1

145 1192 218 1227 que
256 1192 370 1226 quem
408 1191 453 1215 ex
487 1178 622 1225 Quinti
660 1180 800 1215 scelere
831 1177 905 1215 iam
939 1178 1086 1226 pridem
1119 1186 1319 1227 acceptum
1353 1177 1427 1215 iam

114 1254 124 1260 ·
144 1241 370 1287 abieceram,
393 1243 490 1278 lecta
518 1241 598 1278 eius
627 1241 788 1290 epistula
820 1241 1082 1289 gravissimum
1116 1241 1210 1290 cepi.
1268 1243 1328 1278 Tu
1359 1241 1427 1278 etsi

145 1317 223 1342 non
244 1304 399 1353 potuisti
426 1306 503 1342 ullo
531 1305 648 1342 modo
668 1306 790 1341 facere
815 1312 855 1340 ut
876 1304 968 1340 mihi
992 1304 1093 1341 illam
1121 1304 1322 1353 epistulam
1349 1318 1427 1342 non

146 1367 322 1414 mitteres,
345 1375 472 1405 tamen
493 1369 644 1404 mallem
666 1381 743 1404 non
764 1380 845 1404 esse
867 1367 1029 1404 missam.

197 1432 259 1468 Ad
280 1445 323 1468 ea
342 1439 469 1468 autem
497 1444 594 1479 quae
621 1430 752 1468 scribis
772 1431 820 1468 de
845 1437 1083 1476 testamento,
1106 1429 1252 1467 videbis
1280 1430 1371 1479 quid
1392 1438 1428 1468 et

146 1507 223 1542 quo
240 1496 367 1532 modo.
411 1496 469 1532 De
485 1494 651 1531 nummis
668 1502 704 1532 et
725 1494 787 1531 illa
802 1493 855 1531 sic
876 1493 1023 1542 scripsit
1043 1501 1083 1530 ut
1099 1507 1168 1542 ego
1184 1495 1233 1531 ad
1254 1502 1289 1531 te
1305 1502 1426 1541 antea,

146 1564 183 1594 et
203 1571 283 1604 nos,
306 1558 335 1595 si
356 1558 448 1606 quid
469 1571 564 1606 opus
585 1558 664 1603 erit,
687 1565 837 1595 utemur
856 1571 900 1594 ex
920 1570 966 1594 eo
987 1558 1035 1594 de
1055 1570 1132 1605 quo
1153 1557 1294 1594 scribis.

199 1623 268 1659 Ille
287 1623 336 1658 ad
360 1623 443 1658 Kal.
467 1623 567 1670 Sept.
591 1620 753 1658 Athenis
780 1634 857 1658 non
878 1620 1026 1657 videtur
1046 1621 1134 1657 fore.
1195 1621 1317 1657 Multa
1341 1634 1427 1658 eum
1446 1630 1471 1658 2

145 1684 183 1721 in
204 1685 294 1721 Asia
315 1684 492 1722 dicuntur
512 1684 658 1730 morari,
682 1684 845 1721 maxime
867 1685 1090 1720 Pharnaces.
1150 1683 1267 1732 Legio
1287 1695 1357 1729 XII,
1379 1685 1429 1721 ad

145 1761 259 1796 quarn
281 1747 440 1796 primam
462 1749 565 1785 Sulla
584 1747 697 1793 venit,
716 1747 905 1796 lapidibus
922 1746 1042 1794 egisse
1062 1746 1257 1784 hominem
1279 1747 1426 1785 dicitur.

146 1813 301 1849 Nullam
328 1819 462 1860 putant
488 1825 528 1848 se
556 1819 853 1849 commoturam..
907 1812 1020 1847 Illum
1048 1810 1326 1847 arbitrabantur
1349 1825 1430 1860 pro-

147 1874 247 1911 tinus
281 1874 400 1911 Patris
431 1874 468 1910 in
500 1874 677 1911 Siciliam.
736 1875 813 1911 Sed
844 1873 873 1911 si
907 1874 981 1910 hoc
1012 1873 1063 1910 ita
1096 1880 1164 1919 est.
1198 1874 1273 1910 huc
1306 1874 1431 1911 veniat

146 1951 302 1975 necesse
330 1945 396 1975 est.
453 1939 511 1975 Ac
532 1939 683 1975 mallem
706 1937 883 1983 lillumt;
912 1937 1040 1985 aliquo
1069 1936 1171 1974 enim
1201 1938 1319 1974 modo
1343 1938 1431 1975 hinc

147 2001 360 2038 evasissem.
419 2002 533 2038 Nunc
563 2009 693 2038 metuo
713 2014 761 2038 ne
782 2001 827 2038 sit
855 2001 1154 2049 exspectandum
1176 2007 1212 2037 et
1238 2014 1325 2037 cum
1352 2001 1431 2039 reli-

148 2064 231 2113 quis
252 2064 365 2101 etiam
386 2064 459 2101 loci
479 2064 638 2113 gravitas
659 2064 748 2101 huic
770 2064 999 2101 miserrimae
1019 2065 1252 2112 perferenda.

193 2176 218 2205 Ι,
235 2176 253 2195 2
277 2166 316 2195 ab
335 2165 407 2195 aliis
424 2165 620 2204 Quintisque
645 2165 814 2195 Lehmann
831 2177 836 2194 z
867 2165 907 2194 ab
927 2166 1063 2203 aliisque
1082 2165 1140 2194 M:
1172 2166 1213 2194 ab
1230 2165 1301 2194 aliis
1317 2165 1433 2194 Ascen-

147 2209 214 2238 sz'us
351 2217 369 2245 5
394 2209 593 2238 mentionem
612 2209 675 2237 mei
694 2208 776 2237 Reid
789 2208 852 2237 coll.
875 2218 924 2236 21.
943 2208 1031 2245 3fin.
1177 2209 1198 2236 6
1222 2208 1326 2237 E0C:
1349 2212 1381 2237 et
1398 2207 1438 2236 M

152 2261 190 2280 10
211 2250 309 2290 Vale]
326 2250 398 2280 hinc
411 2251 524 2280 iterum
541 2251 645 2289 incipit
664 2249 709 2278 W
802 2260 858 2279 xvr
876 2250 934 2279 M:
968 2259 1028 2279 xm
1051 2249 1096 2279 W
1232 2260 1271 2286 23
1295 2251 1432 2289 primam

151 2292 346 2323 Gronovius:
381 2293 521 2331 primum
545 2292 631 2322 codd.
759 2292 895 2321 eiecisse
923 2292 1037 2321 Orelli:
1071 2292 1221 2330 exegisse
1252 2292 1436 2332 lstsenbezg

149 2344 185 2372 24
211 2335 408 2365 arbitrantur
428 2334 472 2364 W
595 2335 636 2363 26
660 2334 739 2364 illim
759 2334 875 2364 Orelli:
889 2334 965 2372 fort.
987 2334 1062 2363 illuc
