1590 2730
538 129 645 164 EPP.
678 129 752 163 AD
781 128 1032 165 ATTICVM
1306 128 1421 164 XIII.
1440 126 1544 162 xxxi

143 235 318 274 videlicet
338 248 462 284 neque
482 242 538 272 est
561 236 726 272 facturus
747 234 951 282 quicquam
979 234 1049 271 nisi
1070 236 1118 271 de
1144 248 1229 271 meo
1255 234 1425 271 consilio.

144 300 315 337 Obsecro
343 298 552 336 abiciamus
582 297 653 335 ista
683 305 720 335 et
748 297 952 335 semiliberi
983 299 1116 335 saltem
1146 297 1290 343 simus,
1323 299 1427 346 quod

142 363 397 410 adsequemur
416 368 452 399 et
471 362 634 399 tacendo
655 367 692 398 et
710 362 876 398 latendo.

195 426 271 462 Sed
299 426 504 473 adgredere
524 425 731 469 Othonem,
753 431 794 461 ut
820 424 961 461 scribis.
1019 426 1189 470 Confice,
1212 424 1263 461 mi
1290 424 1425 468 Attice,
1447 438 1471 473 4

107 503 123 532 5
143 488 254 525 istam
282 501 371 525 rem.
430 487 535 525 Nihil
564 487 666 525 enim
698 487 801 524 aliud
830 487 975 536 reperio
1005 487 1071 525 ubi
1102 495 1138 525 et
1168 487 1205 523 in
1237 488 1317 524 foro
1351 499 1428 523 non

145 552 214 589 sim
236 559 271 588 et
292 559 418 588 tecum
439 564 521 588 esse
541 550 693 599 possim.
739 551 882 598 Quanti
902 558 1040 596 autem,
1063 552 1137 588 hoc
1158 550 1250 587 mihi
1269 550 1372 587 venit
1392 549 1429 585 in

145 623 323 652 mentem.
382 616 424 652 C.
448 614 634 652 Albanius
663 614 856 663 proximus
880 622 936 652 est
962 614 1117 652 vicinus.
1177 616 1214 651 Is
1243 625 1307 650 clo
1333 613 1430 661 iuge-

145 691 227 714 rum
265 679 313 714 de
353 679 405 713 M.
440 676 535 714 Pilio
573 677 675 722 emit,
707 684 748 714 ut
785 690 870 714 mea
907 677 1089 714 memoria
1126 683 1193 722 est,
1235 677 1302 713 HS
1340 676 1428 712 W.

146 740 287 778 Omnia
307 740 449 777 scilicet
469 754 571 778 nunc
592 740 757 777 minoris.
815 742 891 778 Sed
910 740 1058 777 accedit
1078 739 1276 788 cupiditas,
1299 739 1336 775 in
1358 752 1433 787 qua

94 822 128 842 ιο
146 811 291 853 praeter
305 805 500 841 Othonem
522 818 599 841 non
614 811 707 853 puto
724 817 793 841 nos
810 805 927 840 ullum
948 803 1202 841 adversarium
1223 803 1429 840 habituros.

146 868 221 904 Sed
247 880 334 903 eum
362 866 485 914 ipsum
513 874 552 904 tu
578 867 718 915 poteris
748 880 909 912 movere,
929 866 1076 907 ,facilius
1097 867 1208 904 etiam
1231 867 1260 903 si
1281 868 1431 905 Canum

146 930 314 966 haberes.
368 931 402 967 O
422 931 549 978 gulam
570 930 750 967 insulsam
771 933 777 967 1
825 931 947 968 Pudet
968 944 1028 967 me
1049 930 1172 979 patris.
1231 931 1433 969 Rescribes

147 992 175 1029 si
197 992 288 1040 quid
308 994 422 1030 voles.

191 1135 363 1169 XXXII
421 1137 488 1168 Scr.
509 1139 541 1167 in
563 1138 740 1168 Tusculano
757 1139 786 1168 iv
801 1139 842 1168 K.
862 1139 935 1170 Iun.
955 1150 984 1169 α.
1005 1149 1062 1179 709
1080 1140 1159 1179 (45).

93 1237 127 1267 15
541 1224 707 1254 CICERO
735 1224 911 1254 ATTICO
939 1224 1041 1256 SAL.

200 1312 368 1347 Alteram
398 1323 420 1346 a
448 1316 484 1346 te
512 1308 713 1357 epistulam
742 1323 829 1346 cum
859 1310 974 1347 hodie
1001 1311 1245 1359 accepissem,
1268 1311 1372 1348 nolui
1400 1319 1435 1348 te
1458 1324 1473 1350 1

149 1387 225 1410 una
244 1386 329 1410 mea
348 1379 581 1410 contentum.
630 1374 690 1409 Tu
711 1386 799 1409 vero
818 1386 896 1420 age,
912 1374 1016 1421 quod
1038 1374 1179 1419 scribis,
1198 1375 1246 1411 de
1264 1375 1433 1412 Faberio.

150 1438 196 1473 In
227 1450 273 1474 eo
306 1436 408 1473 enim
437 1442 560 1472 totum
589 1442 659 1472 est·
674 1435 839 1483 positum
870 1435 907 1472 id
936 1437 1040 1484 quod
1069 1436 1305 1485 cogitamus,
1339 1451 1436 1486 quae

149 1499 327 1548 cogitatio
356 1499 387 1536 si
416 1512 493 1536 non
522 1497 727 1544 incidisset,
750 1498 843 1534 mihi
872 1499 996 1544 crede,
1017 1498 1112 1536 istuc
1139 1507 1179 1536 ut
1205 1508 1329 1538 cetera
1358 1514 1435 1537 non

94 1576 131 1596 20
149 1563 370 1600 laborarem.
429 1563 555 1609 Quam
585 1562 635 1598 ob
663 1574 750 1607 rem,
774 1569 814 1598 ut
842 1561 933 1598 facis
952 1561 1064 1611 (istuc
1093 1562 1193 1599 enim
1223 1563 1314 1601 addi
1343 1563 1435 1600 nihil

149 1625 301 1675 potest),
325 1639 424 1674 urge,
447 1625 554 1671 insta,
578 1626 725 1674 perfice.

204 1688 427 1726 Dicaearchi
465 1690 546 1737 περὶ
582 1692 698 1739 ψυχῆς
735 1695 915 1736 utrosque
947 1687 1059 1724 velim
1098 1688 1224 1726 mittas
1261 1697 1298 1727 et
1337 1705 1480 1732 κατα-2

148 1754 303 1801 βάσεως.
359 1754 611 1801 Τριπολιτικὸν
637 1766 714 1790 non
744 1750 897 1788 invenio
925 1758 962 1787 et
990 1750 1190 1799 epistulam
1217 1752 1297 1789 eius
1321 1767 1436 1801 quam

150 1817 199 1854 ad
228 1816 495 1854 Aristoxenum
527 1817 635 1854 misit.
694 1817 779 1854 Tris
808 1829 873 1853 eos
902 1815 1017 1852 libros
1047 1815 1209 1852 maxime
1238 1830 1339 1853 nunc
1366 1818 1437 1853 vel-

96 1893 131 1921 25
151 1882 251 1925 lem;
293 1881 370 1929 apti
401 1888 527 1918 essent
556 1883 605 1918 ad
639 1881 677 1918 id
710 1882 814 1929 quod
848 1879 983 1928 cogito.
1041 1881 1257 1928 Torquatus
1288 1882 1436 1918 Romae
1455 1892 1478 1927 3

151 1951 216 1981 est.
275 1944 363 1981 Misi
384 1952 424 1981 ut
444 1945 511 1982 tibi
532 1947 692 1983 daretur.
741 1947 920 1983 Catulum
941 1952 977 1982 et
999 1946 1212 1989 Lucullum,
1230 1951 1270 1980 ut
1290 1944 1434 1992 opinor,

151 2015 271 2044 antea.
344 2007 417 2044 His
460 2007 563 2045 libris
607 2022 706 2046 nova
742 2008 965 2057 prohoemia
1002 2016 1089 2045 sunt
1132 2007 1263 2044 addita
1299 2007 1438 2054 quibus

151 2084 281 2107 eorum
309 2078 467 2119 uterque
495 2072 679 2109 laudatur.
738 2074 813 2109 Eas
842 2072 982 2110 litteras
1006 2074 1092 2109 volo
1122 2071 1263 2108 habeas
1292 2077 1329 2107 et
1352 2077 1440 2106 sunt

152 2135 341 2181 quaedam
378 2134 460 2170 alia.
520 2136 567 2171 Et
601 2136 706 2183 quod
743 2136 792 2172 ad
830 2142 866 2172 te
903 2137 945 2171 de
978 2136 1111 2172 decem
1146 2134 1276 2183 legatis
1310 2132 1440 2182 scripsi

196 2235 236 2262 26
262 2234 335 2263 Misi
354 2245 381 2264 v.
394 2245 414 2263 c.
435 2233 499 2263 Zb:
524 2235 600 2264 iussi
620 2238 672 2265 ΣΔ
758 2237 798 2265 28
822 2235 961 2268 litteras]
981 2235 1122 2274 διφθέρας
1139 2236 1277 2266 Rinkes:
1302 2237 1441 2275 δευτέρας

156 2275 210 2309 (sc,
226 2275 399 2313 φροντίδας)
418 2277 492 2306 com'.
512 2277 608 2306 Orelli
730 2288 769 2315 :29
792 2278 862 2308 alia.
912 2278 967 2315 Et]
986 2278 1078 2308 aliae.
1119 2279 1213 2315 Quod
1236 2279 1353 2316 Tyrrell
1368 2291 1374 2310 ε
1397 2280 1445 2309 vel

156 2317 195 2346 Et
211 2317 377 2347 delendum
394 2329 456 2348 esse
471 2319 518 2348 vel
535 2319 570 2349 Id
587 2320 752 2358 legendum
764 2324 858 2359 putat
876 2320 975 2349 Orelli
1057 2322 1098 2350 de
1115 2321 1187 2351 add.
1206 2325 1273 2352 vell.
