1590 2730
52 129 167 166 XIII.
187 133 291 166 xxvi
548 132 601 168 M.
633 131 795 167 TVLLI
826 131 1124 169 CICERONIS

198 251 245 275 ne
266 239 415 276 turbem
436 246 472 276 et
492 238 639 276 inruam
659 238 697 275 in
715 240 894 276 Drusum.
953 240 1216 288 Intemperans
1237 252 1319 276 sum
1341 239 1380 276 in
1400 239 1480 277 eius

197 300 247 337 rei
279 301 487 350 cupiditate
518 314 633 349 quam
664 300 773 338 nosti.
832 303 968 349 Itaque
1001 303 1171 338 revolvor
1202 301 1410 339 identidem
1442 301 1479 338 in

197 366 469 402 Tusculanum.
513 363 675 411 Quidvis
696 363 795 401 enim
817 364 943 413 potius
959 377 1073 413 quam
1090 372 1130 401 ut
1150 377 1228 401 non
1248 365 1319 401 hac
1339 371 1480 402 aestate

196 428 421 465 absolvatur.

154 504 177 530 2
250 492 346 538 Ego,
371 497 411 527 ut
442 497 591 539 tempus
623 497 678 527 est
708 497 895 536 nostrum,
922 491 1048 526 locum
1080 491 1204 527 habeo
1237 491 1383 527 nullum
1413 489 1480 527 ubi
1498 502 1515 532 5

195 553 339 590 facilius
369 566 451 590 esse
479 552 622 601 possim
649 566 764 601 quam
789 555 959 590 Asturae.
1018 555 1093 591 Sed
1120 552 1208 602 quia
1234 553 1298 602 qui
1327 566 1478 590 mecum

196 624 295 661 suntl.
324 617 449 661 credo,
481 616 586 664 quod
624 615 850 652 maestitiam
885 628 1008 652 meam
1043 629 1121 652 non
1154 617 1288 661 ferunt,
1319 617 1477 653 domum

195 686 407 727 properant,
439 678 507 715 etsi
542 685 711 726 poteram
750 691 954 723 remanere,
986 685 1125 724 tamen,
1156 685 1197 715 ut
1234 678 1364 727 scripsi
1397 678 1478 725 tibi,

195 740 410 789 proficiscar
430 740 518 777 hinc
539 753 586 777 ne
612 740 763 777 relictus
783 739 921 777 videar.
980 742 1070 787 Quo
1095 732 1251 777 autem?
1306 740 1477 777 Lanuvio

195 816 313 840 conor
340 803 519 851 equidem
546 803 584 839 in
605 804 877 839 Tusculanum.
936 804 1011 839 Sed
1039 802 1173 839 faciam
1198 810 1234 839 te
1257 802 1383 839 statim
1404 816 1477 839 cer·
1499 815 1536 837 10

195 865 339 903 tiorem.
396 867 457 902 Tu
477 865 617 902 litteras
643 865 832 902 conficies.
894 865 1084 913 Equidem
1112 865 1292 902 credibile
1317 878 1396 902 non
1422 872 1477 902 est

195 936 378 977 quantum
409 928 581 973 scribam,
604 928 697 976 quin
726 928 838 965 etiam
868 927 1070 973 noctibus3
1099 927 1192 963 nihil
1219 927 1320 964 enim
1340 927 1475 964 somni.

196 991 290 1028 Heri
317 991 430 1028 etiam
458 991 564 1028 effeci
592 990 791 1038 epistulam
817 993 866 1028 ad
888 992 1114 1035 Caesaremg
1144 989 1212 1026 tibi
1233 989 1333 1026 enim
1358 991 1478 1038 place-

196 1055 267 1091 bat.
328 1055 453 1101 Quam
484 1067 561 1091 non
590 1053 659 1091 fuit
687 1056 829 1090 malum
859 1053 981 1099 scribi,
1005 1053 1034 1090 si
1064 1055 1158 1091 forte
1183 1066 1279 1102 opus
1305 1066 1387 1089 esse
1412 1065 1478 1100 pu-

193 1125 315 1163 tares;
343 1124 383 1154 ut
410 1116 565 1165 quidem
595 1130 698 1154 nunc
724 1124 790 1162 est,
813 1116 906 1153 nihil
934 1129 1024 1154 sane
1051 1124 1106 1153 est
1135 1129 1290 1153 necesse
1317 1115 1473 1152 mittere.
1497 1127 1533 1157 15

194 1181 268 1217 Sed
302 1179 341 1217 id
372 1179 539 1228 quidem,
573 1187 613 1217 ut
646 1179 715 1216 tibi
745 1179 944 1217 videbitur.
1016 1179 1169 1216 Mittam
1203 1186 1331 1216 tamen
1363 1179 1412 1215 ad
1440 1185 1477 1215 te

193 1244 409 1292 exemplum
438 1244 595 1280 fortasse
625 1243 808 1288 Lanuvio,
834 1243 905 1280 nisi
934 1244 1030 1281 forte
1058 1245 1234 1280 Romam.
1293 1242 1368 1279 Sed
1397 1254 1477 1278 cras

193 1317 298 1342 scies,

234 1447 406 1482 XXVII
450 1450 516 1481 Scr.
534 1452 564 1480 l'lt
589 1451 769 1481 Tusculano
785 1451 838 1480 viii
851 1451 891 1481 K.
912 1451 985 1480 Iun.
1006 1461 1033 1481 a.
1056 1461 1112 1489 709
1131 1450 1206 1489 (45).

586 1535 753 1567 CICERO
774 1536 951 1565 ATTICO
972 1535 1072 1566 SAL.
1496 1547 1533 1568 20

159 1634 175 1659 1
248 1625 306 1660 De
335 1622 495 1671 epistula
523 1623 571 1659 ad
599 1623 800 1660 Caesarem
830 1622 941 1659 nobis
970 1635 1058 1659 vero
1092 1635 1240 1671 semper
1270 1621 1476 1659 rectissime

192 1686 332 1734 placuit
360 1694 399 1722 ut
426 1685 485 1722 isti
514 1692 602 1722 ante
631 1687 806 1733 legerent.
868 1685 987 1722 Aliter
1016 1685 1117 1722 enim
1148 1685 1348 1722 fuissemus
1375 1692 1410 1721 et
1437 1684 1474 1720 in

192 1750 260 1785 lios
281 1747 479 1785 inofficiosi
500 1756 535 1785 et
557 1748 594 1784 in
618 1756 769 1785 nosmet
796 1748 908 1797 ipsos,
932 1748 960 1784 si
988 1748 1093 1784 illum
1118 1747 1296 1784 offensuri
1322 1747 1472 1791 fuimus,

190 1824 311 1859 paene
348 1810 559 1860 periculosi.
630 1811 697 1848 Isti
731 1819 858 1849 autem
894 1811 1082 1860 ingenue3
1126 1811 1295 1859 mihique
1327 1818 1473 1859 gratum

190 1876 294 1922 quod
319 1874 411 1922 quid
441 1874 622 1911 sentirent
651 1888 730 1911 non
760 1874 1004 1919 reticuerunt,
1022 1873 1116 1911 illud
1137 1887 1224 1910 vero
1248 1875 1306 1910 vel
1330 1872 1473 1921 optime
1494 1886 1530 1916 25

190 1939 294 1986 quod
314 1937 364 1974 ita
391 1939 509 1974 multa
533 1937 669 1974 mutari
690 1939 822 1974 volunt
848 1944 889 1974 ut
916 1936 1007 1973 mihi
1035 1938 1083 1973 de
1112 1936 1257 1984 integro
1284 1935 1473 1973 scribendi

189 2013 302 2036 causa
322 2013 399 2036 non
420 1999 476 2037 sit.
536 2001 782 2048 Quamquam
803 2001 851 2037 de
873 1999 1050 2036 Parthico
1070 1999 1171 2036 bello
1192 1998 1284 2047 quid
1305 2006 1474 2046 spectare

189 2062 303 2099 debui
331 2062 401 2099 nisi
430 2064 535 2111 quod
562 2062 667 2099 illum
689 2065 784 2100 velle
810 2062 1044 2099 arbitrabar?
1100 2063 1216 2108 Quod
1243 2061 1343 2098 enim
1370 2060 1473 2097 aliud

187 2133 451 2173 argumentum
473 2126 656 2174 epistulae
676 2133 826 2163 nostrae
847 2125 918 2162 nisi
940 2120 1107 2162 κολακέία
1131 2125 1227 2161 fuit?
1284 2127 1354 2169 An,
1376 2123 1405 2160 si
1430 2136 1473 2160 ea

188 2201 284 2235 quae
305 2189 449 2236 optima
470 2196 641 2237 putarem
667 2190 825 2225 suadere
846 2188 1064 2229 voluissem,
1084 2187 1203 2224 oratio
1225 2187 1315 2223 mihi
1337 2185 1472 2223 defuis·
1493 2198 1530 2227 30

229 2299 249 2324 9
276 2288 477 2318 Lanuvium?
500 2288 611 2317 codices
628 2288 706 2317 Bosz·
792 2298 828 2317 12
852 2289 928 2326 quin
944 2287 997 2319 M:
1023 2288 1075 2325 qui
1091 2286 1294 2325 Wesenberg:
1318 2287 1378 2317 die.
1393 2287 1469 2324 quin

188 2334 255 2359 vell.
379 2340 414 2358 21
445 2330 493 2358 Dc
509 2330 649 2368 epistula
669 2331 698 2359 O
716 2330 798 2360 Crat.
819 2341 845 2360 v.
862 2341 883 2361 c.
901 2329 930 2360 L
949 2330 1084 2370 (marg.)
1099 2324 1161 2359 Zb:
1187 2329 1366 2366 Epistulam
1382 2329 1470 2358 RPA
