1690 2710
563 122 670 157 EPP.
702 121 777 156 AD
806 120 1057 158 ATTICVM
1348 119 1431 155 XV.
1452 126 1513 153 xv

164 236 359 278 receptum
391 235 458 275 est,
488 228 528 266 id
557 241 628 277 ego
657 229 706 266 ad
737 228 830 265 illud
859 229 990 265 fanum
1020 228 1229 277 sepositum
1257 228 1449 277 putabam.

164 293 240 329 Sed
270 293 364 329 haec
392 291 525 328 Tironi
556 291 734 328 mandavi
761 304 875 339 quem
907 291 958 328 ob
987 304 1071 329 eam
1101 304 1255 328 causam
1285 293 1451 328 Romam

164 354 247 391 misi
265 368 274 400 ;
320 361 357 392 te
393 353 498 391 nolui
535 351 762 402 impeditum
796 353 990 402 impedire.
1048 354 1184 392 Cicero
1217 361 1345 391 noster
1374 362 1496 402 quo4

163 417 371 454 modestior
399 424 455 454 est
480 429 527 454 eo
555 429 616 454 me
646 416 763 465 magis
793 424 1020 454 commovet.
1092 418 1155 454 Ad
1183 430 1244 454 me
1273 417 1375 454 enim
1404 417 1452 454 de

125 489 142 520 5
163 481 234 517 hac
253 493 292 517 re
311 479 405 516 nihil
431 479 579 528 scripsit
608 480 657 516 ad
684 492 799 528 quem
826 479 1005 516 nimirum
1034 479 1275 529 potissimum
1296 478 1452 526 debuit3

162 541 310 591 scripsit
338 543 411 579 hoc
439 548 567 579 autem
595 543 645 579 ad
674 542 870 589 Tironem,
899 542 971 579 sibi
1002 550 1087 592 post
1118 543 1281 580 Kalend.
1312 541 1452 591 Aprilis

161 604 232 655 (sic
252 605 354 642 enim
381 618 552 642 annuum
580 612 731 654 tempus
760 605 915 655 confici)
935 605 1029 642 nihil
1058 607 1190 643 datum
1214 619 1306 643 esse.
1362 605 1452 643 Tibi

162 681 229 718 pro
249 675 314 705 tua
333 676 467 705 natura
486 682 636 717 semper
655 667 842 717 placuisse
862 676 976 717 teque
1002 668 1234 706 existimasse
1255 669 1318 708 †id
1337 668 1452 706 etiam

161 732 210 769 ad
231 731 453 780 dignitatem
475 744 600 769 meam
623 731 810 780 pertinere
833 745 921 769 eum
948 745 1026 769 non
1046 733 1163 769 modo
1183 731 1453 781 perliberaliter

107 806 184 831 roa
215 794 326 831 nobis
365 795 431 832 sed
464 793 578 831 etiam
612 801 743 831 ornate
776 796 1044 843 cumulateque
1077 795 1235 832 tractari.
1293 797 1380 843 Qua
1412 809 1451 833 re

162 857 273 895 velim
293 871 400 895 cures
421 858 507 905 (nec
528 857 595 894 tibi
616 870 738 894 essem
760 859 951 903 molestus,
975 857 1005 895 si
1028 871 1094 907 per
1112 858 1228 895 alium
1249 859 1322 895 hoc
1341 872 1451 907 agere

160 921 330 970 possem>
350 927 391 957 ut
419 927 654 969 permutetur
678 921 851 958 Athenas
878 921 982 969 quod
1012 920 1058 958 sit
1087 920 1125 957 in
1153 934 1324 958 annuum
1353 934 1452 958 sum-

160 990 269 1032 ptum
289 982 333 1020 ei.
383 982 535 1020 Scilicet
556 985 650 1020 Eros
671 983 897 1020 numerabit.
949 983 1041 1020 Eius
1062 983 1115 1020 rei
1134 997 1249 1020 causa
1267 983 1448 1021 Tironem

161 1045 256 1083 misi.
315 1045 476 1084 Curabis
502 1045 613 1095 igitur
636 1052 672 1083 et
699 1047 749 1083 ad
779 1059 840 1084 me
869 1046 899 1083 si
922 1046 1015 1095 quid
1039 1045 1107 1084 tibi
1127 1047 1176 1083 de
1196 1059 1242 1084 eo
1262 1046 1452 1084 videbitur

106 1121 141 1153 15
162 1109 314 1147 scribes.

203 1211 310 1246 XVI
396 1215 464 1246 Ser.
484 1216 519 1246 in
532 1216 668 1246 Antiati
681 1216 784 1247 filant
794 1215 878 1256 prid.
896 1217 943 1247 Id.
960 1217 1034 1248 Iun.
1051 1228 1080 1248 a.
1102 1227 1157 1255 710
1175 1217 1260 1257 (44).

556 1292 723 1322 CICERO
752 1292 928 1322 ATTICO
957 1291 1062 1323 SAL.

210 1362 386 1399 Tandem
422 1374 446 1398 a
474 1361 661 1399 Cicerone
698 1361 914 1399 tabellarius
948 1369 984 1398 et
1022 1375 1083 1399 me
1116 1363 1268 1399 hercule
1306 1361 1450 1399 litterae

158 1426 405 1473 πεπινωμένως
432 1424 603 1473 scriptae,
634 1426 739 1473 quod
773 1425 897 1474 ipsum
927 1426 1113 1474 προκοπὴν
1140 1426 1307 1475 aliquam
1341 1425 1450 1474 signi-

101 1501 142 1524 20
159 1488 257 1534 ficat,
289 1486 458 1536 itemque
490 1488 604 1525 ceteri
638 1489 829 1536 praeclara
860 1488 1054 1536 scribunt3
1097 1489 1287 1526 Leonides
1321 1497 1448 1526 tamen

158 1549 294 1588 retinet
317 1563 428 1587 suum
457 1549 550 1587 illud
574 1552 744 1596 ‘adhuc,'
764 1551 922 1588 summis
942 1564 1031 1589 vero
1059 1552 1235 1589 laudibus
1257 1553 1446 1589 Herodes.

159 1613 265 1661 Quid
297 1612 479 1662 quaeris?
520 1614 579 1651 vel
611 1614 726 1651 verba
759 1614 852 1651 mihi
889 1614 970 1652 dari
1007 1615 1116 1652 facile
1148 1615 1270 1664 patior
1303 1615 1341 1652 in
1374 1616 1448 1653 hoc

158 1689 296 1725 meque
321 1676 483 1714 libenter
508 1677 673 1725 praebeo
699 1679 907 1715 credulum.
965 1679 1026 1715 Tu
1050 1678 1173 1725 velim,
1200 1678 1230 1715 si
1259 1678 1351 1727 quid
1380 1678 1448 1716 tibi

157 1746 213 1776 est
240 1753 263 1776 a
282 1739 402 1778 Statio
431 1739 612 1789 scriptum
641 1742 746 1789 quod
775 1740 960 1790 pertineat
987 1743 1037 1779 ad
1066 1755 1137 1788 me,
1159 1741 1357 1780 certiorem
1386 1755 1447 1780 me

99 1816 137 1847 25
157 1802 281 1840 facias.

197 1905 304 1939 XVI
321 1918 342 1940 a
385 1908 453 1940 Scr.
472 1910 504 1939 in
520 1909 677 1949 Asspinati
689 1910 743 1940 xiv
758 1914 816 1939 aut
829 1911 888 1940 xiii
900 1911 942 1942 K.
956 1911 1029 1942 Iun.
1049 1922 1078 1942 a.
1098 1921 1154 1949 710
1173 1911 1255 1950 (44).

544 1985 709 2016 CICERO
738 1985 914 2016 ATTICO
943 1986 1048 2018 SAL.

208 2056 330 2093 Narro
362 2055 444 2102 tibi,
474 2056 569 2092 haec
602 2057 686 2092 loca
716 2063 875 2093 venusta
908 2064 1005 2102 sunt,
1038 2057 1168 2094 abdita
1201 2064 1301 2095 certe
1334 2064 1381 2104 et,
1415 2057 1445 2095 si

155 2117 247 2167 quid
285 2118 447 2155 scribere
484 2118 588 2165 velis,
625 2119 674 2155 ab
710 2118 857 2156 arbitris
891 2119 1017 2157 libera.
1086 2122 1161 2158 Sed
1199 2121 1328 2158 nescio
1367 2134 1444 2170 quo

199 2228 215 2256 7
240 2221 311 2247 ante
327 2218 383 2248 tibi
400 2217 474 2249 add.
493 2218 568 2248 Scio
585 2218 695 2248 Baiter
870 2219 889 2247 8
908 2222 982 2258 post
997 2220 1204 2250 existimasse
1221 2220 1356 2251 addend.
1375 2222 1443 2252 scio

155 2261 231 2290 coni.
248 2260 331 2290 Boot
421 2271 455 2302 ⁷9
474 2264 547 2299 post
563 2261 730 2299 pertinere
747 2260 820 2291 add.
835 2262 990 2300 perspexi
1003 2263 1065 2302 (vel
1076 2263 1255 2304 perspicio)
1273 2263 1442 2294 Lehmann

155 2302 396 2340 perliberaliter
420 2298 533 2332 ZtM2:
566 2303 721 2342 peraliter
740 2302 791 2332 Ml
965 2313 1001 2342 13
1027 2304 1067 2334 ei.
1119 2305 1250 2336 Scilicet
1272 2305 1381 2336 Crat.z
1412 2311 1444 2338 et

154 2345 260 2375 silicet
277 2343 331 2375 M:
357 2345 428 2374 Tibi
447 2345 571 2375 scilicet
587 2345 725 2377 Sclztilzz
750 2346 815 2377 secl.
833 2345 928 2376 Klotz
