1795 2735
586 123 695 159 EPP.
727 123 801 158 AD
831 121 1083 159 ATTICVM
1371 123 1479 160 XIV.
1497 123 1621 160 xviia

190 232 388 278 venissem,
417 243 650 280 quamquam
675 237 753 267 erat
778 242 980 279 oppressus
1006 230 1121 268 totius
1148 231 1314 280 corporis
1342 232 1478 269 dolori-

190 296 271 342 bus,
293 303 422 334 tamen
449 302 537 332 ante
566 307 681 342 quam
709 307 771 331 me
799 295 912 342 plane
940 294 1124 340 salutavit,
1151 295 1206 333 ‘O
1236 295 1286 332 mi
1317 295 1475 333 Cicero'

0 326 312 423 rflfflinquit
348 359 531 426 ‘gratulor
564 348 664 394 tibi*
665 370 752 393 cum
786 364 933 393 tantum
968 359 1068 403 vales
1101 358 1203 406 apud
1236 358 1476 395 Dolabellam
1495 350 1626 428 x,-
1636 344 1730 424 υἰέ

0 392 179 487 flam!
189 428 375 470 quantum
402 420 432 457 si
458 433 528 469 ego
553 421 656 468 apud
686 419 823 456 sororis
847 419 966 456 filium
987 420 1191 465 valerem,
1183 434 1257 458 iarn
1284 421 1372 458 salvi
1395 434 1477 459 esse
1607 406 1764 465 *aaz

151 497 169 527 5
188 496 398 532 possemus.
467 483 690 520 Dolabellae
709 495 798 519 vero
824 490 891 519 tuo
917 490 953 519 et
982 485 1147 531 gratulor
1173 490 1210 520 et
1235 484 1369 532 gratias
1392 497 1474 532 ago,
1581 466 1771 536 Jam-

188 558 303 594 quem
324 545 479 594 quidem
506 552 592 593 post
618 552 654 582 te
680 546 878 582 consulem
905 547 1028 582 solum
1055 558 1258 594 possumus
1277 559 1363 583 vere
1388 559 1477 583 con-

189 610 309 645 sulem
330 608 478 645 dicere.’
535 607 686 644 Deinde
716 608 834 644 multa
860 608 908 644 de
932 609 1032 644 facto
1057 620 1101 644 ac
1128 609 1176 645 de
1203 621 1241 645 re
1267 616 1370 656 gesta
1389 615 1477 653 tua3

188 671 282 707 nihil
306 670 618 719 magnificentius,
642 670 736 706 nihil
762 670 988 718 praeclarius
1014 678 1140 707 actum
1168 684 1360 719 umquam,
1384 670 1477 707 nihil

189 734 241 771 rei
269 734 444 782 publicae
473 733 680 770 salutarius.
739 735 866 782 Atque
895 735 989 771 haec
1019 747 1094 770 una
1114 747 1185 771 vox
1213 734 1384 771 omniurn
1409 741 1474 771 est.

134 799 225 834 10A
257 805 294 834 te
327 804 454 834 autem
487 804 576 845 peto
609 804 650 845 ut
687 810 748 834 me
785 798 883 833 hanc
917 797 1024 845 quasi
1058 798 1189 834 falsam
1226 797 1476 834 hereditatem
1500 804 1534 870 4

188 860 334 897 alienae
353 860 493 908 gloriae
513 839 786 906 sinas'f‘eernerss
806 873 944 908 meque
970 860 1097 908 aliqua
1117 873 1161 897 ex
1181 867 1285 908 parte
1305 859 1342 896 in
1364 859 1479 897 socie-
1494 845 1778 912 EQ·

189 930 305 960 tatem
349 931 499 959 tuarum
543 924 699 960 laudum
737 922 864 959 venire
907 922 1058 971 patiare.
1130 923 1387 970 Quamquam,
1426 922 1478 959 mi

191 986 393 1023 Dolabella
413 985 524 1034 (haec
553 985 655 1022 enirn
684 985 829 1022 iocatus
858 985 970 1035 sum),
999 984 1177 1022 libentius
1207 985 1331 1021 omnis
1361 998 1474 1030 meas,

190 1047 220 1084 si
241 1050 358 1086 modo
378 1055 466 1085 sunt
485 1048 634 1096 aliquae
654 1061 761 1085 meae
781 1049 923 1093 laudes,
945 1049 994 1085 ad
1020 1055 1057 1084 te
1076 1047 1342 1084 transfuderim
1363 1060 1478 1096 quam

136 1125 171 1156 15
189 1111 356 1160 aliquam
380 1120 525 1160 partem
555 1111 791 1148 exhauserim
820 1124 865 1148 ex
890 1111 973 1147 tuis.
1032 1112 1133 1148 Nam
1159 1124 1247 1147 cum
1271 1118 1308 1148 te
1332 1123 1480 1159 semper

190 1182 339 1211 tantum
367 1174 562 1212 dilexerim
591 1182 777 1223 quantum
806 1181 846 1210 tu
875 1173 1091 1222 intellegere
1120 1173 1285 1222 potuisti,
1312 1181 1393 1210 turn
1421 1173 1480 1210 his

191 1237 263 1274 tuis
297 1237 404 1275 factis
437 1237 490 1275 sic
524 1237 701 1274 incensus
739 1250 822 1274 sum
860 1244 901 1273 ut
938 1236 1032 1273 nihil
1063 1250 1245 1285 umquam
1279 1236 1318 1273 in
1350 1250 1479 1274 amore

190 1298 301 1338 fuerit
319 1300 523 1338 ardentius.
581 1300 688 1337 Nihil
708 1308 763 1336 est
790 1299 902 1345 enim,
925 1299 1018 1336 mihi
1044 1301 1167 1345 crede,
1188 1299 1324 1337 virtute
1344 1301 1480 1337 formo-

192 1363 278 1409 sius,
314 1364 407 1400 nihil
440 1363 644 1412 pulchrius,
680 1363 773 1399 nihil
806 1362 1017 1399 amabilius.
1087 1364 1243 1411 Semper
1273 1364 1406 1409 amavi,
1440 1371 1480 1401 ut
1501 1372 1525 1409 5

136 1439 176 1460 20
193 1426 275 1472 scis,
310 1429 362 1463 M.
395 1429 554 1464 Brutum
586 1435 738 1475 propter
770 1426 849 1463 eius
881 1439 1073 1462 summum
1108 1426 1313 1474 ingenium,
1345 1427 1482 1463 suavis-

193 1490 309 1527 simos
353 1504 486 1536 mores,
518 1490 744 1539 singularem
784 1489 1011 1538 probitatem
1049 1497 1163 1537 atque
1201 1490 1482 1536 constantiam3

192 1561 320 1590 tamen
360 1554 493 1591 Idibus
542 1554 688 1590 Martiis
735 1561 883 1590 tantum
930 1553 1088 1590 accessit
1131 1555 1180 1590 ad
1220 1566 1389 1590 amorem
1440 1561 1481 1591 ut

192 1616 345 1654 mirarer
364 1618 491 1653 locum
518 1617 631 1653 fuisse
657 1616 821 1665 augendi
850 1616 889 1652 in
915 1629 961 1653 eo
987 1617 1091 1664 quod
1121 1616 1213 1652 mihi
1239 1616 1480 1665 iampridem

193 1681 429 1716 cumulatum
450 1680 563 1717 etiam
584 1681 792 1717 videbatur.
852 1679 948 1727 Quis
975 1686 1052 1716 erat
1073 1679 1137 1727 qui
1158 1686 1305 1727 putaret
1325 1681 1373 1716 ad
1394 1692 1481 1716 eum

137 1753 175 1785 25
193 1755 363 1780 amorem
396 1756 511 1791 quem
542 1756 628 1791 erga
660 1750 697 1780 te
727 1743 917 1780 habebam
950 1755 1063 1791 posse
1096 1741 1240 1790 aliquid
1274 1743 1484 1779 accedere?

193 1806 363 1842 Tantum
385 1805 545 1842 accessit
568 1814 608 1843 ut
635 1805 727 1842 mihi
755 1819 856 1842 nunc
878 1804 1045 1853 denique
1065 1818 1192 1842 amare
1212 1804 1350 1851 videar,
1372 1812 1484 1842 antea

193 1868 378 1905 dilexisse.
436 1870 524 1915 Qua
550 1882 588 1906 re
608 1868 700 1917 quid
724 1876 780 1906 est
799 1869 904 1917 quod
931 1881 1002 1916 ego
1032 1874 1067 1904 te
1095 1868 1222 1904 horter
1248 1875 1289 1904 ut
1312 1867 1485 1916 dignitati
1505 1870 1533 1907 6

194 1938 231 1968 et
250 1931 390 1980 gloriae
409 1932 578 1969 servias?
633 1934 849 1981 Proponam
876 1931 944 1969 tibi
965 1933 1086 1968 claros
1106 1930 1216 1976 viros,
1238 1932 1343 1979 quod
1364 1932 1485 1968 facere

195 1996 319 2031 solent
338 1994 404 2043 qui
423 1996 651 2032 hortantur?
705 1995 910 2033 Neminem
940 1994 1065 2031 habeo
1092 1993 1289 2030 clariorem
1309 2006 1424 2041 quam
1448 2001 1485 2030 te

138 2072 178 2102 30
195 2056 331 2106 ipsum.
388 2059 446 2095 Te
478 2057 623 2095 imitere
651 2065 811 2107 oportet,
842 2065 969 2095 tecum
1001 2057 1081 2105 ipse
1115 2063 1245 2093 certes.
1304 2057 1365 2093 Ne
1398 2055 1485 2093 licet
1504 2060 1527 2098 7

237 2158 258 2185 6
280 2158 503 2194 possumuss·
535 2166 668 2195 possum
684 2156 769 2187 codd.
972 2165 988 2192 7
1016 2155 1222 2192 DeindefE:
1249 2155 1326 2184 dein
1350 2153 1486 2184 MO2Rs

196 2203 249 2228 tua
271 2197 472 2237 Wesenberg:
497 2203 565 2228 turn
582 2198 664 2228 codd.
685 2203 713 2228 et
726 2199 901 2237 f(s>mcter
915 2198 948 2227 D
964 2198 1108 2235 quicum
1128 2197 1231 2227 habeti
1367 2206 1403 2234 13
1420 2198 1484 2226 sim

195 2240 278 2270 Reid
351 2251 387 2279 14
411 2241 692 2278 transfuderimjz
719 2246 809 2270 trans
823 2239 898 2270 Ml.
892 2252 898 2257 ·
922 2239 1148 2270 transtulerim
1168 2237 1335 2268 EOR5M2
1349 2249 1354 2266 2
1380 2243 1485 2267 trans-

197 2283 297 2313 feram
315 2275 352 2310 Z!
477 2294 516 2320 24
540 2283 655 2322 etiam]
675 2293 748 2312 csse
762 2282 868 2312 Aldus
989 2291 1030 2320 30
1052 2281 1100 2311 Te
1117 2291 1180 2312 om.
1199 2280 1269 2310 MR
1356 2281 1486 2310 imitere

187 2325 360 2366 f(p1aete7
372 2323 458 2365 HD)
478 2324 527 2354 O:
553 2325 669 2354 imitari
687 2324 802 2354 MERs
817 2329 845 2354 et
860 2324 931 2353 HD

240 2387 300 2407 c1c.
319 2387 364 2406 AD
380 2386 450 2406 ΑΊῪ.
1362 2375 1403 2404 33
