1590 2730
92 146 159 182 IX.
183 156 242 181 xv
537 147 591 182 M.
621 145 784 182 TVLLI
815 145 1111 183 CICERONIS

183 253 364 302 quoniam
384 255 432 292 de
455 255 621 291 adventu
642 253 814 292 Caesaris
833 266 901 302 pro
921 259 1024 291 certo
1049 251 1297 299 habebamus,
1323 266 1461 303 pueros

183 323 267 353 tuos
295 318 344 354 ad
374 324 409 354 te
438 316 639 362 remittere,
662 323 703 353 ut
723 316 761 353 id
782 324 821 353 tu
842 329 957 365 quam
979 315 1143 365 primum
1172 315 1295 353 scires.
1354 317 1463 352 Man-

182 380 270 416 data
307 387 371 416 tua
411 379 521 417 nobis
563 392 673 416 curae
716 387 803 416 sunt
842 392 962 427 eaque
1000 386 1040 415 ut
1078 386 1228 426 tempus
1265 377 1463 426 postularit

180 455 346 491 agemus.
403 442 603 479 Trebatius
632 443 764 479 sedulo
792 441 879 478 facit
906 449 945 479 ut
972 443 1183 479 antecedat.

234 505 406 554 Epistula
426 505 639 554 conscripta
667 505 882 542 nuntiatum
912 512 968 542 est
997 504 1108 541 nobis
1140 505 1342 543 Caesarem
1370 516 1402 540 a.
1424 504 1460 541 d.
1482 515 1498 546 5

182 579 253 604 viii
279 571 324 604 K.
344 568 483 617 Aprilis
505 568 713 606 Beneventi
743 582 974 613 mansurum,
997 582 1028 605 a.
1052 569 1087 605 d.
1104 579 1159 604 vn
1181 569 1350 616 Capuae,
1370 580 1401 603 a.
1424 567 1460 603 d.

182 642 220 668 VI
242 631 451 669 Sinuessae.
510 633 598 669 Hoc
618 645 686 680 pro
706 640 808 669 certo
828 633 1028 680 putamus.’

222 769 329 804 XVI
453 772 517 804 Ser.
538 774 569 803 in
586 773 756 803 Formiano
773 773 818 804 vii
829 773 871 804 K.
890 773 971 812 Apr.
992 783 1020 803 a.
1041 782 1093 812 705
1109 772 1195 813 (49).

579 858 744 889 CICERO
765 858 939 889 ATTICO
961 858 1064 888 SAL.

146 942 163 969 1
234 935 333 972 Cum
371 935 475 982 quod
512 934 714 972 scriberem
751 935 800 971 ad
834 941 870 971 te
903 933 996 970 nihil
1030 933 1220 979 haberem,
1255 940 1383 970 tamen
1413 946 1461 970 ne
1482 948 1518 969 10

181 1010 295 1045 quem
325 997 426 1034 diem
456 997 740 1034 intermitterem
771 999 838 1034 has
867 997 956 1034 dedi
986 996 1135 1033 litteras.
1210 998 1255 1033 A.
1281 997 1316 1034 d.
1343 1008 1381 1033 VI
1411 998 1458 1032 K.

183 1062 384 1099 Caesarem
423 1060 622 1098 Sinuessae
656 1073 875 1097 mansurum
909 1059 1145 1097 nuntiabant.
1194 1059 1256 1096 Ab
1290 1072 1336 1096 eo
1370 1058 1462 1095 mihi

181 1123 326 1161 litterae
353 1123 521 1161 redditae
550 1132 637 1160 sunt
656 1137 687 1160 a.
710 1125 745 1160 d.
769 1135 824 1160 V11
854 1126 901 1160 K.
924 1123 1062 1171 quibus
1088 1123 1163 1159 iam
1187 1125 1301 1171 ‘opes
1318 1124 1325 1139 ⁷
1345 1135 1462 1168 meas,

182 1200 260 1224 non
289 1194 329 1224 ut
358 1187 612 1236 superioribus
640 1187 771 1224 litteris
802 1188 959 1235 ‘opem’
993 1193 1194 1235 exspectat.
1252 1187 1352 1224 Cum
1381 1185 1461 1223 eius

182 1251 424 1289 clementiam
445 1251 723 1289 Corfiniensem
743 1251 845 1288 illam
874 1264 940 1300 per
968 1250 1108 1288 litteras
1132 1249 1460 1288 conlaudavissem
1482 1261 1518 1292 15

182 1314 370 1363 rescripsit
390 1315 464 1352 hoc
484 1316 657 1363 exemplo
674 1330 680 1351 2

276 1389 509 1427 ‘CAESAR
540 1390 650 1425 IMP.
682 1388 950 1427 CICERONI
982 1389 1092 1425 IMP.
1123 1389 1230 1426 SAL.
1263 1389 1370 1426 DIC.

139 1469 165 1497 2
236 1463 356 1500 Recte
383 1462 574 1510 auguraris
607 1464 655 1499 de
689 1476 749 1499 me
780 1462 895 1510 (bene
928 1462 1029 1499 enirn
1060 1462 1128 1499 tibi
1159 1461 1332 1510 cognitus
1361 1460 1461 1509 sum)

182 1525 275 1562 nihil
304 1539 326 1562 a
354 1539 414 1562 me
442 1526 574 1563 abesse
594 1525 742 1574 longius
763 1525 994 1563 crudelitate.
1052 1527 1179 1574 Atque
1205 1538 1275 1574 ego
1301 1537 1388 1562 cum
1417 1538 1462 1561 ex

182 1588 263 1637 ipsa
290 1603 328 1626 re
358 1602 533 1637 magnam
559 1589 668 1638 capio
688 1591 920 1638 voluptatem
950 1596 1029 1626 turn
1055 1602 1183 1626 meum
1212 1590 1353 1625 facturn
1380 1600 1462 1635 pro-
1482 1602 1520 1624 20

181 1653 260 1690 bari
280 1653 347 1690 abs
369 1660 404 1690 te
425 1653 616 1701 triumpho
636 1652 784 1701 gaudio.
844 1654 980 1701 Neque
1008 1652 1100 1689 illud
1121 1666 1182 1689 me
1210 1658 1336 1689 movet
1356 1651 1462 1699 quod

182 1715 205 1752 ii
226 1716 290 1764 qui
310 1729 331 1752 a
352 1729 412 1753 me
432 1716 577 1753 dimissi
602 1723 687 1752 sunt
709 1715 926 1753 discessisse
957 1715 1134 1753 dicuntur
1154 1722 1194 1751 ut
1215 1714 1308 1751 mihi
1336 1727 1461 1751 rursus

182 1780 323 1816 bellurn
353 1779 540 1816 inferrent.
599 1779 703 1815 Nihil
723 1779 824 1816 enim
852 1781 952 1816 malo
978 1792 1092 1827 quam
1119 1785 1157 1815 et
1180 1791 1240 1815 me
1266 1777 1340 1814 mei
1364 1776 1463 1814 simi—

140 1851 164 1888 3
182 1844 255 1879 lem
277 1856 358 1880 esse
378 1850 414 1879 et
435 1842 517 1879 illos
538 1842 604 1878 sui.
661 1844 721 1878 Tu
742 1842 854 1879 velim
884 1842 977 1878 rnihi
1002 1843 1051 1879 ad
1077 1841 1210 1878 urbem
1237 1848 1386 1890 praesto
1412 1840 1461 1877 sis

182 1913 222 1942 ut
242 1905 313 1943 tuis
334 1905 499 1943 consiliis
519 1913 632 1953 atque
652 1905 800 1953 opibus,
822 1913 862 1942 ut
882 1903 1072 1949 consuevi,
1094 1904 1131 1940 in
1152 1903 1330 1941 omnibus
1349 1904 1461 1941 rebus
1483 1919 1518 1949 ²5

181 1975 272 2005 utar.
332 1969 531 2006 Dolabella
551 1976 616 2006 tuo
636 1968 729 2004 nihil
749 1968 844 2005 scito
865 1967 956 2004 mihi
977 1981 1059 2004 esse
1079 1966 1291 2004 iucundius.
1346 1968 1461 2003 Hanc

180 2033 277 2069 adeo
297 2033 448 2069 habebo
468 2031 623 2080 gratiam
651 2031 702 2068 illi
722 2045 728 2075 ;
758 2044 882 2079 neque
906 2030 1008 2068 enim
1034 2030 1140 2068 aliter
1163 2031 1285 2067 facere
1310 2029 1458 2079 poterit.

180 2097 305 2132 Tanta
324 2094 402 2132 eius
423 2094 647 2139 humanitas,
671 2093 701 2130 is
722 2106 864 2138 sensus,
887 2107 931 2130 ea
950 2093 988 2130 in
1005 2106 1065 2130 me
1086 2100 1141 2130 est
1161 2092 1449 2130 benevolentia)

223 2206 240 2232 4
264 2194 378 2224 sedulo
398 2195 502 2224 Cral.:
526 2194 655 2224 scevola
673 2193 758 2222 RMs
886 2195 906 2222 6
928 2193 1050 2231 Aprilis
1071 2192 1252 2222 Beneventi
1273 2201 1458 2221 mansurum

181 2248 208 2267 a.
224 2239 252 2267 (l.
268 2247 314 2266 vn
335 2238 417 2266 (rat.
435 2236 462 2264 L
483 2238 603 2275 (marg.
620 2252 621 2263 l
640 2236 775 2265 Rosius:
809 2246 870 2265 om.
889 2235 984 2271 codd„
1002 2236 1095 2265 etiam
1117 2235 1248 2273 Capuae
1272 2245 1299 2264 a.
1316 2235 1346 2264 d.
1363 2243 1397 2263 vr
1421 2233 1459 2263 ab

181 2279 231 2308 Μ1
250 2280 366 2308 01111'350
503 2290 537 2316 14
563 2284 716 2317 expectat
742 2277 911 2307 EO2M252
946 2282 1088 2315 expecto
1116 2275 1271 2306 CO¹RM¹
1421 2286 1457 2314 17

180 2331 310 2357 CAESAR
329 2345 334 2350 .
353 2344 358 2350 .
377 2345 382 2350 .
399 2322 447 2350 sui
476 2321 507 2358 (l.
522 2322 578 2358 24)
604 2322 635 2349 in
656 2320 840 2349 Fetrarclzae
869 2319 960 2348 ‘Vita
979 2317 1139 2349 Caesaris'
1163 2327 1204 2353 lc.
1229 2318 1289 2354 xx)
1417 2328 1455 2347 21

181 2364 299 2402 gaudio
317 2362 430 2392 Lanzb.
447 2374 453 2393 :
477 2364 603 2400 gaudeo
620 2356 730 2391 M¹Zlb
747 2373 753 2391 :
777 2366 809 2391 et
825 2361 951 2400 gaudeo
968 2361 1135 2391 Petrarclta
1151 2359 1318 2391 EORM²s
1406 2360 1457 2397 26,

179 2415 217 2443 27
243 2405 336 2434 Hanc
354 2405 435 2434 adeo
453 2427 458 2433 .
478 2426 485 2433 .
504 2429 508 2433 .
527 2404 661 2443 poterit]
684 2414 741 2433 nec
759 2404 832 2433 ideo
849 2426 854 2433 .
874 2427 879 2434 .
898 2426 904 2433 .
922 2408 1049 2442 poterat
1065 2402 1200 2442 Madvig
