1590 2730
63 127 156 163 XII.
179 137 245 164 va
535 129 589 165 M.
621 129 783 166 TVLLI
815 130 1111 168 CICERONIS

184 235 314 284 scripsi
335 243 375 273 ut
394 249 439 274 ea
458 249 556 285 quae
575 237 674 275 bene
694 244 823 275 nosset
843 238 892 275 de
911 251 1003 275 auro
1024 237 1153 275 Pisoni
1179 238 1465 275 demonstraret.

183 298 272 335 Tibi
292 299 393 336 enim
414 312 504 336 sane
524 299 718 337 adsentior
737 307 774 337 et
794 299 894 337 istud
915 300 1075 337 nimium
1091 300 1157 337 diu
1173 300 1262 338 duci
1282 307 1319 338 et
1339 299 1469 338 omnia

183 374 285 399 nunc
314 362 484 410 undique
513 364 783 400 contrahenda.
842 365 898 401 Te
925 363 1080 412 quidem
1107 363 1200 400 nihil
1226 376 1346 412 agere,
1374 362 1469 400 nihil

183 424 347 473 cogitare
379 424 483 462 aliud
516 425 587 462 nisi
621 427 726 474 quod
759 427 808 463 ad
841 439 902 463 me
930 426 1115 475 pertineat
1144 425 1253 463 facile
1281 425 1468 475 perspicio

184 487 354 536 meisque
391 487 551 536 negotiis
589 488 763 536 impediri
800 488 1047 537 cupiditatem
1086 497 1189 526 tuam
1226 490 1276 526 ad
1313 501 1375 526 me
1410 501 1505 532 ve-5

183 550 323 587 niendi.
382 552 457 588 Sed
486 564 637 588 mecum
665 564 746 588 esse
773 559 809 589 te
835 559 937 600 puto,
961 565 1038 589 non
1066 553 1188 589 solum
1215 552 1320 600 quod
1344 564 1468 589 meam

183 626 262 650 rem
282 613 359 661 agis
383 627 512 651 verum
540 614 653 651 etiam
680 615 786 662 quod
811 614 937 652 videre
963 614 1094 652 videor
1120 628 1197 663 quo
1222 616 1340 653 modo
1368 628 1465 664 agas.

184 676 321 725 Neque
341 676 442 714 enim
463 678 538 714 ulla
557 678 650 714 hora
670 677 722 715 tui
745 677 837 714 mihi
857 685 913 715 est
933 677 1056 727 operis
1076 677 1214 726 ignota.

224 822 264 857 V
277 826 303 857 b
397 826 464 858 Scr.
481 827 514 856 in
536 826 716 857 Tusculano
732 827 766 856 iz't'
779 831 836 857 aut
850 827 874 857 1'1'
886 827 933 857 Id.
950 826 1022 858 Imz.
1040 837 1070 858 a.
1091 837 1147 867 709
1166 828 1246 868 (45).

579 912 746 942 CICERO
768 912 942 942 ATTICO
965 911 1069 943 SAL.
1488 917 1526 941 10

80 1004 115 1043 (v
129 1002 166 1043 3)
236 998 432 1036 Tubulum
461 1004 672 1047 praetorem
701 998 813 1036 video
843 1000 884 1035 L.
912 999 1070 1035 Metello
1102 999 1148 1045 Q.
1173 997 1344 1036 Maximo
1381 1012 1469 1037 con-

183 1061 338 1099 sulibus.
380 1063 494 1098 Nunc
514 1061 627 1099 velim
649 1064 688 1098 P.
712 1063 902 1107 Scaevola,
920 1061 1090 1110 pontifex
1110 1060 1306 1107 maximus,
1329 1061 1468 1110 quibus

183 1124 404 1162 consulibus
425 1124 598 1162 tribunus
618 1125 666 1173 pl.
726 1124 916 1173 Equidem
941 1131 1033 1173 puto
1058 1123 1248 1172 proximis,
1271 1124 1467 1174 Caepione

182 1195 219 1225 et
249 1187 458 1235 Pompeio3
496 1195 645 1236 praetor
682 1187 784 1224 enim
814 1189 858 1225 L.
893 1187 1006 1224 Furio
1044 1188 1125 1224 Sex.
1159 1186 1286 1225 Atilio.
1346 1187 1467 1225 Dabis

182 1251 292 1300 igitur
317 1250 550 1288 tribunatum
578 1258 624 1296 et,
653 1250 683 1287 si
709 1250 860 1299 poteris,
888 1250 1062 1288 Tubulus
1089 1263 1165 1298 quo
1191 1250 1357 1288 crimine.
1417 1253 1467 1288 Et
1488 1263 1522 1294 15

182 1314 278 1359 vide,
307 1327 460 1362 quaeso,
490 1315 532 1350 L.
561 1314 669 1359 Libo,
692 1313 753 1351 ille
779 1314 843 1362 qui
870 1315 918 1351 de
946 1315 1020 1351 Ser.
1045 1314 1178 1359 Galba,
1203 1313 1466 1352 Censorinone

181 1385 218 1415 et
245 1377 406 1415 Manilio
431 1391 479 1415 an
506 1379 549 1414 T.
581 1378 763 1425 Quinctio
794 1379 857 1414 Μ’.
884 1377 1009 1415 Acilio
1040 1377 1259 1414 consulibus
1292 1376 1465 1415 tribunus

181 1443 228 1489 pl.
252 1441 370 1479 fuerit.
431 1442 695 1480 Conturbabat
715 1440 816 1478 enim
839 1454 897 1478 me
920 1439 1101 1491 [epitome
1119 1440 1223 1477 Bruti
1241 1439 1463 1492 Fanniana],

181 1504 218 1541 in
237 1505 341 1542 Bruti
358 1504 524 1553 epitoma
539 1504 818 1541 Fannianorum
839 1502 1001 1555 [scripsi]
1018 1505 1123 1552 quod
1137 1511 1213 1541 erat
1230 1504 1267 1541 in
1284 1511 1462 1549 extremo,

181 1567 296 1616 idque
334 1581 404 1616 ego
437 1575 588 1605 secutus
623 1569 725 1605 hune
759 1567 946 1605 Fannium
981 1567 1046 1616 qui
1085 1567 1230 1616 scripsit
1269 1566 1464 1605 historiam
1485 1579 1523 1600 20

179 1644 360 1680 generum
394 1645 475 1668 esse
506 1631 726 1679 scripseram
763 1631 875 1668 Laeli.
948 1632 1022 1668 Sed
1057 1638 1095 1667 tu
1130 1644 1190 1668 me
1228 1635 1466 1681 γεωμετρικῶς

179 1696 376 1741 refelleras,
406 1703 441 1732 te
469 1704 596 1732 autem
624 1709 725 1732 nunc
754 1697 891 1732 Brutus
922 1702 957 1731 et
990 1694 1165 1730 Fannius.
1226 1696 1308 1743 Ego
1337 1702 1464 1732 tamen

180 1760 228 1797 de
249 1760 352 1797 bono
372 1767 525 1796 auctore
551 1759 760 1796 Hortensio
787 1759 839 1796 sic
865 1770 1087 1806 acceperam
1111 1764 1151 1794 ut
1174 1759 1277 1806 apud
1304 1759 1464 1795 Brutum

181 1830 246 1861 est.
307 1825 424 1860 Hunc
445 1822 554 1871 igitur
574 1824 701 1860 locum
722 1821 910 1871 expedies.

227 1935 239 1955 1
266 1930 375 1955 nosset
391 1924 523 1955 Lamlm
557 1935 690 1955 noscem
706 1925 746 1954 M
850 1925 1089 1954 demonstraret
1108 1923 1251 1953 Faernus
1266 1935 1271 1952 :
1308 1934 1410 1954 -arem
1427 1921 1468 1953 M

185 1978 220 2006 13
243 1968 401 2006 proximis
418 1967 504 1998 5.sz
530 1978 590 1998 om.
611 1973 638 1997 Δ
769 1976 804 2004 14
830 1967 854 1996 L
871 1966 943 1996 add.
957 1967 1048 1996 Beier
1176 1968 1213 1995 16
1236 1966 1463 1996 Censorinone

182 2014 204 2041 Σ
221 2010 299 2040 Ant.
316 2009 378 2039 Zb:
404 2010 586 2040 Censorino
602 2015 628 2039 Δ
719 2010 755 2038 18
776 2009 997 2039 Conturbabat
1011 2008 1208 2048 Wesenberg:
1234 2008 1394 2038 conturbo
1408 2007 1462 2038 M:

181 2053 354 2082 conturbat
372 2053 399 2083 C
481 2052 584 2091 enim]
599 2053 696 2081 etiam
716 2052 813 2081 Orelli
898 2053 946 2089 18,
963 2061 1000 2089 19
1023 2052 1165 2090 epitome
1183 2050 1276 2080 Bruti
1295 2050 1465 2080 Fanniana

181 2099 208 2124 el
234 2095 348 2132 scripsi
377 2094 567 2124 secluserunt
590 2093 656 2124 edd.
684 2093 837 2131 plerique:
876 2094 908 2122 in
935 2093 1026 2122 Bruti
1052 2093 1195 2131 epitoma
1221 2092 1463 2122 Fannianorum

182 2137 296 2175 scripsi
311 2137 366 2167 del.
381 2137 507 2166 Scln'clze
519 2140 546 2165 et
556 2136 701 2166 Schmidt
714 2137 761 2175 «ᾗ
778 2135 1074 2174 “Βι>νΒνι“εζ[ωεσΙι5ιἸ
1084 2134 1090 2146 ’
1101 2136 1261 2174 314—316)
1329 2133 1463 2174 scripsi]

181 2180 337 2218 scriptum
357 2179 535 2209 Gronovius
