1590 2730
95 145 141 181 X.
163 144 206 179 ix
539 141 592 176 M.
623 140 784 175 TVLLI
815 138 1110 176 CICERONIS

173 249 279 288 tandi
299 249 392 286 ratio
412 260 498 285 cum
519 246 679 284 difficilis
700 253 780 282 tum
801 245 914 283 etiam
934 245 1146 294 periculosa
1165 251 1230 281 est.
1288 242 1459 281 Servium

174 320 351 361 exspecto
376 313 425 348 ad
449 313 596 355 Nonas,
615 317 651 346 et
677 308 792 357 adigit
821 308 872 345 ita
896 308 1091 345 Postumia
1116 315 1152 344 et
1177 306 1325 344 Servius
1348 306 1456 343 filius.

175 377 409 423 Quartanam
438 373 615 410 leviorem
646 385 727 410 esse
752 373 910 420 gaudeo.
969 371 1059 408 Misi
1085 372 1134 408 ad
1158 378 1194 407 te
1215 369 1320 408 Caeli
1346 369 1460 406 etiam

174 439 381 477 litterarum
400 438 626 485 exemplum.

559 597 650 632 A:
671 596 720 632 ad
748 596 835 632 fam.
867 595 981 631 VIII.
1018 596 1072 631 16.
1481 608 1499 639 5

488 698 555 728 δον.
574 696 712 726 Intimili
723 707 765 726 xv
781 695 823 727 K.
843 695 920 726 Mai.
939 706 969 726 a.
992 705 1044 733 705
1063 696 1146 734 (49).

543 781 734 813 CAELIVS
758 779 978 811 CICERONI
1004 780 1096 810 SAL.

142 873 160 900 1
233 860 478 898 Exanimatus
498 858 570 895 tuis
590 857 730 902 litteris,
753 856 891 904 quibus
911 863 947 892 te
967 855 1060 891 nihil
1086 854 1157 892 nisi
1178 854 1281 892 triste
1301 854 1464 903 cogitare

178 923 376 961 ostendisti
396 935 520 970 neque
540 920 578 957 id
599 919 690 968 quid
711 926 808 956 esset
829 917 1074 966 perscripsisti
1094 931 1218 966 neque
1238 931 1316 955 non
1336 926 1463 955 tamen

177 988 289 1035 quale
309 992 406 1023 esset
429 985 534 1032 quod
557 982 739 1031 cogitares
767 980 954 1029 aperuisti,
978 981 1045 1017 has
1071 982 1120 1017 ad
1148 988 1184 1017 te
1210 980 1297 1017 ilico
1324 980 1464 1018 litteras
1487 998 1524 1020 10

178 1048 317 1098 scripsi.
377 1050 447 1084 Per
478 1048 646 1083 fortunas
683 1052 776 1089 tuaS‚
811 1043 955 1088 Cicero,
988 1056 1054 1091 per
1090 1043 1228 1080 liberos
1261 1051 1298 1081 te
1331 1057 1396 1081 oro
1428 1051 1465 1081 et

177 1113 337 1150 obsecro
360 1124 408 1148 ne
428 1110 519 1159 quid
542 1108 689 1157 gravius
716 1109 764 1145 de
790 1109 909 1144 salute
935 1115 971 1143 et
998 1106 1257 1144 incolumitate
1286 1114 1349 1144 tua
1378 1121 1466 1145 con-

177 1177 286 1212 sulas.
344 1175 444 1211 Nam
471 1174 563 1210 deos
589 1171 841 1219 hominesque
867 1169 1149 1218 amicitiamque
1175 1178 1342 1207 nostram
1368 1171 1467 1208 testi—

178 1240 269 1275 ficor
292 1250 353 1274 me
378 1235 445 1273 tibi
472 1234 699 1284 praedixisse
723 1246 848 1281 neque
874 1241 1015 1270 temere
1044 1234 1236 1271 monuisse
1266 1236 1343 1279 sed,
1367 1244 1466 1284 post-

177 1314 292 1350 quam
335 1301 535 1338 Caesarem
582 1297 825 1334 convenerim
872 1297 1175 1346 sententiamque
1222 1299 1302 1336 eius
1346 1301 1467 1348 qualis
1491 1311 1526 1343 15

178 1367 301 1402 futura
330 1370 427 1401 esset
459 1369 565 1411 parta
594 1360 749 1398 victoria
782 1360 987 1408 cognorim,
1022 1367 1059 1398 te
1089 1362 1286 1400 certiorem
1322 1363 1464 1402 fecisse.

179 1428 217 1466 Si
243 1427 431 1465 existimas
460 1427 621 1462 eandem
651 1425 836 1462 rationem
862 1427 940 1462 fore
965 1427 1135 1464 Caesaris
1162 1427 1199 1464 in
1231 1428 1467 1466 dimittendis

178 1489 398 1528 adversariis
425 1496 461 1526 et
487 1488 778 1526 condicionibus
804 1491 978 1536 ferendis,
1001 1505 1122 1538 erras:
1157 1491 1249 1529 nihil
1272 1493 1341 1530 nisi
1363 1501 1468 1532 atrox

180 1562 216 1591 et
236 1566 389 1591 saevum
410 1553 550 1601 cogitat
568 1561 682 1602 atque
702 1554 815 1591 etiam
842 1555 1008 1603 loquitur
1027 1571 1033 1598 ;
1066 1556 1180 1594 iratus
1201 1557 1347 1594 senatui
1369 1558 1469 1604 exiit,

182 1617 239 1653 his
255 1616 588 1654 intercessionibus
607 1619 719 1666 plane
739 1618 915 1656 incitatus
936 1627 1014 1665 est3
1039 1633 1116 1657 non
1138 1634 1197 1658 me
1216 1622 1388 1659 hercules
1402 1622 1469 1659 erit
1493 1628 1530 1649 ²0

140 1691 164 1718 2
183 1679 440 1728 deprecationi
477 1681 592 1717 locus.
655 1682 743 1728 Qua
770 1695 808 1719 re
837 1681 866 1718 si
896 1682 963 1719 tibi
993 1690 1043 1727 tu,
1075 1683 1105 1720 si
1134 1683 1231 1721 filius
1264 1684 1408 1730 unicus,
1441 1685 1471 1721 si

182 1744 331 1788 domus,
364 1742 393 1779 si
431 1756 516 1791 spes
553 1752 640 1781 tuae
673 1744 837 1793 reliquae
876 1745 941 1782 tibi
977 1759 1084 1783 carae
1122 1754 1218 1791 sunt,
1259 1747 1288 1784 si
1326 1748 1470 1796 aliquid

181 1807 284 1854 apud
315 1813 351 1843 te
381 1820 461 1852 nos,
493 1806 521 1843 si
551 1807 605 1843 vir
637 1808 802 1856 optimus
835 1822 949 1856 gener
982 1817 1067 1846 tuus
1099 1812 1277 1856 valemus,
1309 1825 1470 1860 quorum

182 1870 371 1906 fortunam
409 1883 486 1907 non
520 1871 637 1908 debes
666 1873 762 1908 velle
796 1872 1030 1916 conturbare,
1064 1880 1104 1909 ut
1133 1886 1216 1926 earn
1250 1887 1402 1912 causam
1432 1875 1470 1912 in

184 1932 320 1980 quoius
346 1933 500 1970 victoria
526 1936 624 1971 salus
654 1942 780 1972 nostra
805 1942 860 1972 est
882 1935 1007 1973 odisse
1037 1943 1101 1972 aut
1124 1936 1335 1985 relinquere
1364 1951 1471 1987 coga-
1492 1940 1531 1971 25

185 2009 268 2032 mur
300 2003 363 2032 aut
396 1996 550 2045 impiam
582 1997 829 2045 cupiditatem
864 2006 994 2035 contra
1031 2000 1188 2036 salutem
1223 1989 1326 2037 tuam
1360 2002 1473 2038 habe-

185 2060 513 2108 amus——denique
551 2060 643 2098 illud
679 2061 811 2109 cogita,
847 2062 951 2109 quod
989 2063 1155 2099 offensae
1192 2063 1302 2100 fuerit
1334 2063 1371 2100 in
1403 2063 1473 2101 ista

232 2171 250 2199 5
273 2161 369 2191 lzuz'zls
387 2162 536 2200 epistulae
553 2162 689 2191 alterum
709 2162 889 2195 aremplmn
909 2165 1010 2191 exstat
1028 2163 1059 2191 in
1072 2162 1164 2193 Fam.
1184 2163 1247 2192 viii.
1272 2164 1309 2192 16
1326 2164 1393 2201 <s=
1406 2164 1468 2194 cod.

191 2203 344 2233 Medicam
360 2215 400 2242 49
423 2206 458 2242 9)
544 2205 563 2233 8
587 2204 666 2233 nihil
685 2203 827 2241 nisifP:
850 2203 929 2233 nihil
948 2203 993 2233 M*
1012 2216 1018 2234 :
1043 2204 1190 2234 nonnihil
1208 2204 1261 2233 M²
1350 2216 1382 2235 11
1402 2210 1434 2236 te
1447 2210 1476 2236 et

190 2250 222 2275 et
239 2256 299 2276 om.
311 2247 340 2283 s
436 2257 469 2283 14
495 2246 681 2284 praedixif
773 2257 813 2276 20
836 2246 1039 2276 mehercules
1055 2246 1177 2276 RPM:
1201 2248 1388 2278 mehercule
1407 2247 1474 2279 Os:

190 2288 291 2325 mnf
382 2298 420 2325 23
445 2289 567 2326 valetf
659 2298 699 2326 24
722 2291 795 2317 ante
810 2293 845 2317 ut
861 2287 934 2318 add.
953 2289 1016 2318 noli
1033 2289 1237 2319 committere
1252 2290 1475 2329 interpungens

191 2329 236 2359 ad
251 2330 427 2360 habeamus
442 2331 473 2369 (l.
489 2331 542 2367 27¹)
560 2331 731 2360 Lehmann
746 2331 822 2360 olim
835 2341 848 2367 ;
865 2334 972 2369 postea
987 2331 1020 2359 in
1036 2330 1165 2360 editione
1179 2332 1259 2360 nihil
1272 2332 1393 2362 addidit
