1590 2730
489 134 598 170 EPP.
630 134 706 170 AD
735 135 988 174 ATTICVM
1300 177 1307 183 ,
1355 104 1424 176 XI.
1446 138 1477 177 ii

157 352 206 386 ῙῙ
249 354 316 386 Scr.
331 355 363 386 in
379 355 478 396 Epiro
493 355 655 395 aliquanto
665 359 741 396 post
754 355 837 387 Non.
850 356 946 395 ΕΔΜ,
964 361 999 387 ut
1013 357 1142 397 videtur,
1156 369 1184 389 a.
1200 360 1257 397 706
1275 359 1358 400 (48).

521 456 690 487 CICERO
713 456 879 487 ATTICO
905 457 1002 488 SAL.

167 545 325 582 Litteras
357 551 440 582 tuas
468 544 599 592 accepi
631 557 683 593 pr.
719 545 819 581 Non.
857 545 965 581 Febr.
999 557 1122 593 eoque
1150 545 1233 594 ipso
1262 546 1324 583 die
1354 560 1397 584 ex
1420 557 1435 582 1

112 615 340 646 testamento
369 606 467 644 crevi
496 606 755 644 hereditatem.
814 608 872 644 Ex
902 607 1029 644 multis
1057 607 1150 645 meis
1181 609 1396 647 miserrimis

76 689 92 719 5
112 671 210 709 curis
241 678 297 708 est
322 684 398 708 una
427 671 548 707 levata
577 670 616 715 si,
653 677 694 707 ut
724 669 866 715 scribis,
898 670 968 707 ista
999 671 1188 708 hereditas
1214 673 1330 710 fidem
1361 679 1397 710 et

112 736 251 772 famam
272 747 397 771 meam
417 733 512 771 tueri
536 740 660 782 potest
675 748 684 779 3
713 746 828 781 quam
849 733 1006 781 quidem
1028 733 1206 783 intellego
1226 742 1262 772 te
1283 735 1395 772 etiam

112 796 192 834 sine
222 796 431 834 hereditate
465 795 538 832 tuis
576 795 713 844 opibus
747 796 993 832 defensurum
1031 796 1156 834 fuisse.
1217 799 1275 835 De
1306 799 1395 836 dote
1416 807 1439 834 2

112 860 216 908 quod
249 858 390 904 scribis,
426 871 493 907 per
525 857 649 896 omnis
682 859 775 896 deos
814 865 850 895 te
889 858 1059 896 obtestor
1089 868 1129 896 ut
1159 867 1278 897 totam
1315 868 1392 898 rem

112 921 294 970 suscipias
323 930 359 958 et
379 921 480 958 illam
504 920 678 958 miseram
709 934 794 958 mea
819 922 931 969 culpa
957 929 993 958 et
1013 922 1250 970 neglegentia
1270 930 1397 961 tueare

57 1004 92 1025 10
112 984 205 1021 meis
225 984 362 1033 opibus
382 984 413 1021 si
433 997 530 1032 quae
550 992 647 1029 sunt,
670 984 743 1021 tuis
759 983 898 1032 quibus
919 984 987 1021 tibi
1008 986 1211 1022 molestum
1232 998 1309 1022 non
1329 986 1396 1024 erit

110 1047 363 1085 facultatibus.
432 1047 534 1094 Quoi
572 1047 728 1095 quidem
767 1048 900 1084 deesse
938 1047 1080 1093 omnia„
1111 1050 1215 1096 quod
1253 1049 1393 1095 scribis,

111 1111 270 1148 obsecro
286 1118 332 1156 te,
348 1110 427 1148 noli
446 1110 534 1159 pati.
594 1112 639 1147 In
660 1123 756 1158 quos
777 1110 878 1147 enim
900 1118 1072 1159 sumptus
1092 1111 1234 1149 abeunt
1255 1113 1395 1150 fructus

110 1174 379 1224 praediorum?
447 1175 530 1210 Iam
568 1173 630 1210 illa
669 1175 737 1210 HS
778 1177 828 1210 ff<
861 1186 957 1221 quae
989 1173 1119 1210 scribis
1157 1187 1271 1212 nemo
1303 1175 1394 1212 mihi

110 1251 292 1287 umquam
337 1238 430 1275 dixit
470 1251 516 1275 ex
556 1238 647 1274 dote
690 1250 772 1275 esse
813 1239 1005 1283 detracta3
1045 1250 1255 1285 numquam
1293 1238 1394 1275 enim

52 1317 88 1349 15
109 1315 231 1340 essem
263 1314 406 1351 passus.
464 1301 540 1338 Sed
572 1301 665 1337 haec
697 1299 854 1337 minima
888 1307 944 1337 est
977 1313 1022 1337 ex
1051 1299 1094 1336 iis
1126 1299 1268 1337 iniuriis
1301 1313 1394 1349 quas

108 1365 238 1414 accepi
254 1380 263 1412 ,-
287 1367 335 1403 de
349 1365 487 1414 quibus
500 1365 549 1401 ad
566 1372 603 1401 te
616 1365 748 1401 dolore
764 1371 800 1400 et
815 1363 979 1400 lacrimis
1000 1362 1161 1400 scribere
1176 1363 1389 1412 prohibeor.

108 1431 165 1466 Ex
198 1443 242 1467 ea
272 1428 434 1478 pecunia
471 1441 569 1476 quae
603 1426 671 1463 fuit
709 1426 746 1463 in
785 1426 876 1463 Asia
909 1434 1053 1475 partem
1085 1426 1283 1464 dimidiam
1316 1428 1392 1465 fere
1412 1433 1435 1470 3

107 1495 222 1543 exegi.
296 1492 433 1530 Tutius
471 1491 670 1528 videbatur
707 1492 786 1527 fore
835 1489 886 1527 ibi
935 1489 999 1526 ubi
1044 1496 1099 1526 est
1138 1502 1252 1538 quam
1289 1491 1391 1539 apud

106 1559 341 1608 publicanos.

50 1632 88 1653 20
159 1624 277 1670 Quod
311 1636 371 1660 me
404 1622 563 1660 hortaris
594 1629 635 1658 ut
668 1621 777 1656 firmo
811 1618 882 1655 sim
912 1617 1052 1661 animo,
1087 1618 1222 1653 vellem
1260 1629 1390 1665 posses

105 1687 249 1735 aliquid
269 1687 414 1724 adferre
435 1699 548 1735 quam
570 1686 621 1722 ob
645 1697 722 1721 rem
750 1683 789 1720 id
813 1683 935 1718 facere
959 1693 1121 1728 possem.
1180 1681 1255 1717 Sed
1284 1681 1313 1717 si
1341 1682 1391 1718 ad

104 1757 247 1787 ceteras
280 1750 448 1787 miserias
478 1749 636 1786 accessit
667 1747 780 1784 etiam
815 1745 853 1782 id
892 1745 995 1792 quod
1030 1743 1122 1779 mihi
1156 1743 1389 1791 Chrysippus

104 1813 197 1850 dixit
220 1813 339 1862 parari
361 1814 417 1857 (tu
438 1812 531 1849 nihil
557 1810 790 1860 significasti)
813 1810 860 1846 de
885 1809 1012 1851 domo,
1036 1806 1118 1854 quis
1140 1819 1200 1843 me
1220 1805 1390 1843 miserior

103 1888 180 1913 uno
203 1875 278 1913 iam
306 1876 404 1913 fuit?
459 1877 548 1920 Oro,
571 1876 741 1919 obsecro,
764 1873 928 1921 ignosce.
987 1871 1076 1906 Non
1100 1881 1255 1917 possum
1282 1870 1388 1917 plura

48 1948 83 1980 25
103 1939 275 1977 scribere.
334 1940 490 1986 Quanto
510 1951 679 1975 maerore
700 1949 831 1985 urgear
850 1936 1020 1983 profecto
1039 1932 1155 1969 vides.
1213 1933 1331 1979 Quod
1356 1931 1387 1968 si

104 2001 196 2038 mihi
230 2015 435 2039 commune
465 1992 553 2039 cum
585 2000 717 2038 ceteris
749 2007 847 2037 esset
879 1998 943 2046 qui
975 1996 1150 2033 videntur
1179 1994 1217 2031 in
1251 1996 1385 2032 eadem

103 2077 216 2102 causa
235 2078 327 2111 esse,
343 2064 466 2102 minor
487 2078 571 2102 mea
586 2066 697 2112 culpa
714 2054 902 2100 videretur
915 2069 951 2098 et
972 2074 1017 2098 eo
1031 2058 1261 2097 tolerabilior
1276 2066 1383 2096 esset.

102 2128 217 2166 Nunc
237 2128 331 2165 nihil
350 2136 406 2166 est
426 2129 530 2177 quod
557 2129 783 2171 consoletur,
806 2125 877 2162 nisi
898 2124 990 2172 quid
1011 2131 1050 2160 tu
1071 2122 1196 2168 efficis,
1219 2121 1249 2158 si
1269 2122 1386 2159 modo

144 2240 162 2267 4
187 2228 296 2258 multis
313 2228 393 2258 meis
411 2228 476 2258 ζὈ1
495 2239 500 2257 ;
526 2227 727 2257 multissimis
752 2229 833 2254 celem
851 2224 936 2254 codd.
952 2235 958 2254 ε
982 2224 1092 2253 multis
1111 2210 1192 2252 meis
1209 2227 1240 2252 et
1267 2222 1386 2252 chsen-

101 2270 174 2309 berg
310 2280 348 2301 10
371 2271 436 2301 tuis
451 2269 586 2309 quibus]
603 2271 743 2306 tuisque,
764 2268 789 2296 si
806 2267 889 2296 Boot
1027 2276 1060 2295 11
1089 2265 1294 2296 facultatibus
1317 2265 1384 2295 secl.

100 2312 228 2343 Ernesti
238 2313 321 2343 Boot
448 2323 487 2351 24
512 2322 577 2342 uno
595 2311 673 2350 iam]
692 2319 834 2348 unquam
849 2308 1000 2338 Sclzwarz

1241 2361 1301 2391 24*
