1590 2730
28 130 121 166 XII.
144 139 174 165 x
514 132 568 167 M.
599 132 761 167 TVLLI
792 131 1089 169 CICERONIS

197 250 239 285 X
470 253 540 286 Scr.
557 254 701 285 Asturae
715 266 735 286 v
750 255 791 286 K.
811 255 896 286 Sext.
917 266 947 286 a.
970 265 1026 295 709
1047 256 1122 297 (45).

556 341 719 372 CICERO
740 341 921 372 ATTICO
942 341 1045 372 SAL.

210 429 313 465 Male
351 441 411 466 me
444 430 595 466 hercule
634 430 682 467 de
719 430 963 467 Athamante.
1021 430 1128 465 Tuus
1165 434 1293 465 autem
1330 426 1440 464 dolor

155 490 345 528 humanus
374 491 403 528 is
430 491 586 539 quidem
613 493 680 529 sed
707 505 846 541 magno
873 505 986 540 opere
1015 491 1281 528 moderandus.
1340 490 1440 528 Con-

156 553 385 591 solationum
408 562 535 592 autem
561 557 702 592 multae
722 555 804 592 viae
830 556 897 593 sed
917 555 980 592 illa
1005 554 1233 592 rectissima:
1264 553 1440 601 impetret
1459 560 1475 591 5

155 616 249 653 ratio
282 618 387 665 quod
420 617 501 655 dies
538 618 782 666 impetratura
820 626 885 656 est.
956 617 1093 655 Alexin
1130 630 1219 654 vero
1252 628 1436 662 curemus,

154 678 358 728 imaginem
379 680 540 726 Tironis,
564 694 678 729 quem
699 694 852 730 aegrum
876 683 1041 718 Romam
1065 679 1200 726 remisi,
1224 686 1273 725 et,
1293 678 1323 716 si
1347 678 1440 727 quid

155 743 270 780 habet
287 743 392 781 collis
413 744 606 792 ἐπιδήμιοι»,
621 746 670 782 ad
688 757 747 781 me
763 757 850 781 cum
868 746 1145 783 †testamento†
1160 743 1437 780 transferamus.

154 807 255 843 Tota
282 808 420 845 domus
451 815 559 846 vacat
592 807 770 857 superior,
802 814 843 844 ut
871 806 953 845 scis.
1013 809 1102 844 Hoc
1132 813 1224 856 puto
1252 806 1363 843 valde
1390 806 1440 843 ad

155 883 233 908 rem
254 871 450 920 pertinere.
1460 881 1497 902 10

248 977 265 994 Ι

197 1019 262 1054 XI
386 1021 452 1053 Ser.
471 1022 504 1051 in
527 1021 706 1052 Tusculano
724 1031 767 1052 m.
786 1022 886 1051 intere.
899 1024 982 1061 post.
1000 1030 1029 1051 α.
1052 1022 1111 1059 708
1128 1021 1209 1060 (46).

554 1108 721 1138 CICERO
743 1107 922 1138 ATTICO
944 1106 1047 1137 SAL.

210 1197 313 1233 Male
342 1196 389 1233 de
417 1194 513 1232 Seio.
571 1195 646 1232 Sed
670 1193 799 1231 onmia
823 1195 990 1230 humana
1016 1193 1225 1231 tolerabilia
1250 1195 1437 1233 ducenda.

157 1259 234 1308 Ipsi
255 1259 357 1296 enim
378 1258 471 1306 quid
497 1271 626 1295 sumus
652 1265 717 1294 aut
744 1270 857 1305 quam
885 1257 950 1294 diu
977 1258 1070 1295 haec
1096 1258 1257 1295 curaturi
1282 1261 1441 1296 sumus?

157 1325 212 1360 Ea
228 1323 424 1360 videamus
445 1334 542 1369 quae
561 1322 610 1358 ad
631 1335 701 1359 nos
722 1321 840 1369 magis
860 1321 1063 1369 pertinent,
1076 1335 1146 1358 nec
1163 1330 1289 1359 tamen
1306 1324 1437 1367 multo,
1461 1336 1495 1366 15

155 1387 248 1435 quid
281 1399 436 1435 agamus
470 1387 517 1423 de
555 1392 698 1423 senatu.
758 1387 805 1421 Et
844 1392 883 1421 ut
921 1398 968 1422 ne
1006 1385 1098 1433 quid
1132 1385 1437 1434 praetermittam,

156 1450 367 1489 Caesonius
393 1451 441 1486 ad
469 1462 528 1486 me
555 1448 695 1485 litteras
726 1447 825 1484 misit
848 1448 1083 1486 Postumiam
1109 1448 1249 1497 Sulpici
1280 1450 1438 1486 domum

154 1516 202 1552 ad
232 1527 271 1551 se
300 1513 457 1551 venisse.
517 1514 576 1550 De
605 1511 763 1560 Pompei
791 1511 923 1559 Magni
953 1511 1027 1549 filia
1055 1511 1123 1549 tibi
1150 1511 1321 1560 rescripsi
1347 1511 1440 1547 nihil

156 1590 216 1613 me
250 1578 322 1613 hoc
356 1585 526 1624 tempore
559 1575 748 1623 cogitare3
793 1577 947 1612 alteram
982 1588 1070 1612 vero
1108 1574 1209 1611 illam
1247 1588 1362 1623 quam
1400 1582 1440 1611 tu

155 1640 297 1685 scribis,
342 1647 445 1687 puto,
490 1639 614 1676 nosti:
670 1638 763 1675 nihil
805 1638 881 1676 vidi
928 1639 1086 1676 foedius.
1171 1639 1246 1675 sed
1291 1639 1437 1676 adsum.
1461 1649 1498 1670 20

156 1704 295 1741 Coram
317 1703 436 1751 igitur.

208 1766 418 1814 Obsignata
452 1765 612 1814 epistula
645 1765 775 1814 accepi
810 1772 902 1802 tuas.
961 1764 1110 1802 Atticae
1144 1764 1369 1803 hilaritatem
1403 1764 1442 1802 li-

154 1829 288 1867 benter
308 1829 433 1867 audio.
491 1828 838 1867 Commotiunculis
859 1830 1074 1878 συμπάσχω.

198 1977 287 2011 XII
457 1980 522 2010 Ser.
542 1980 683 2010 Asturae
698 1981 766 2010 xvii
778 1980 819 2011 K.
838 1979 918 2019 Apr.
939 1990 967 2010 a.
989 1989 1045 2018 709
1066 1978 1141 2019 (45).

557 2067 721 2097 CICERO
743 2066 923 2096 ATTICO
944 2064 1046 2096 SAL.
1460 2069 1496 2099 25

123 2161 141 2188 1
213 2155 271 2191 De
292 2155 381 2191 dote
402 2160 508 2191 tanto
529 2152 646 2201 magis
667 2165 861 2201 perpurga.
920 2151 1029 2189 Balbi
1056 2150 1157 2199 regia
1182 2149 1360 2188 condicio
1385 2156 1442 2188 est

157 2217 370 2265 delegandi.
428 2219 597 2265 Quoquo
635 2217 752 2253 modo
789 2215 946 2252 confice.
1004 2216 1132 2263 Turpe
1169 2220 1225 2251 est
1262 2226 1341 2251 rem
1377 2212 1443 2250 im-

547 2320 566 2348 8
589 2317 804 2356 testamento]
821 2317 998 2347 Tisameno
1015 2311 1058 2345 ΖΙ)
