1590 2730
49 192 146 228 IX.i
502 197 555 232 M.
587 197 749 233 TVLLI
781 196 1077 234 CICERONIS

206 302 400 340 Cedamus
431 303 541 352 igitur
570 311 616 349 et,
646 311 687 340 ut
715 303 807 341 boni
834 303 934 342 cives
966 304 1093 350 simus,
1127 304 1269 342 bellum
1303 303 1436 342 Italiae

155 371 249 402 terra
269 365 438 414 marique
463 366 666 403 inferamus
695 374 731 403 et
754 366 843 404 odia
871 366 1131 415 improborum
1152 380 1278 404 rursus
1304 366 1343 404 in
1366 379 1436 404 nos

156 440 253 475 quae
273 427 347 464 iarn
371 428 555 466 exstincta
581 437 685 466 erant
713 429 963 466 incendamus
987 436 1023 466 et
1050 429 1191 467 Luccei
1215 429 1374 467 consilia
1392 442 1436 466 ac

111 500 137 536 4
156 491 383 539 Theophani
408 505 686 540 persequamur.
745 494 846 529 Nam
873 492 1000 541 Scipio
1023 494 1081 529 vel
1108 493 1146 529 in
1167 492 1309 541 Syriam
1329 493 1438 541 profi-

156 553 306 591 ciscitur
335 563 434 592 sorte
463 557 521 592 vel
555 569 642 592 cum
673 569 814 604 genero
844 557 1004 593 honeste
1030 557 1088 592 vel
1113 557 1316 594 Caesarem
1344 555 1437 603 fugit
1459 563 1476 594 5

155 616 300 653 iratum.
360 617 529 654 Marcelli
551 618 717 666 quidem,
740 618 811 655 nisi
830 618 998 666 gladium
1021 618 1192 656 Caesaris
1212 617 1435 663 timuissent,

157 686 361 717 manerent.
419 681 566 729 Appius
597 689 652 718 est
685 683 822 719 eodem
856 682 893 718 in
927 681 1061 719 timore
1092 688 1128 719 et
1157 680 1438 718 inimicitiarum

156 742 362 780 recentium
383 743 507 780 etiam.
566 746 716 781 Praeter
738 746 840 781 hunc
861 752 896 781 et
913 745 955 782 C.
975 744 1150 782 Cassium
1166 744 1299 792 reliqui
1315 744 1438 793 legati,

156 806 317 842 Faustus
337 819 405 854 pro
425 813 647 855 quaestore3
677 820 747 855 ego
775 820 872 843 unus
893 807 953 844 cui
967 806 1150 844 utrumvis
1170 806 1267 844 licet.
1312 808 1440 844 Frater

156 868 303 906 accedit
329 881 444 917 quem
465 869 610 906 socium
631 870 743 906 huius
763 871 936 907 fortunae
957 883 1039 907 esse
1059 882 1137 907 non
1164 877 1241 907 erat
1260 882 1439 918 aequum.
1464 881 1500 901 10

159 931 230 969 Cui
252 931 369 980 magis
389 931 502 970 etiam
523 933 663 970 Caesar
682 932 871 978 irascetur,
892 934 959 970 sed
980 932 1178 981 impetrare
1194 945 1271 969 non
1284 945 1439 981 possum

159 1002 199 1032 ut
219 1002 379 1032 maneat.
439 994 627 1032 Dabimus
651 996 724 1032 hoc
752 994 937 1043 Pompeio
966 995 1057 1043 quoi
1085 995 1281 1032 debemus.
1340 996 1440 1032 Nam

161 1071 220 1095 me
258 1057 413 1106 quidem
444 1058 539 1095 alius
576 1071 691 1095 nemo
721 1065 858 1103 movet,
889 1071 967 1095 non
998 1071 1122 1095 sermo
1154 1058 1343 1096 bonorum
1377 1058 1441 1107 qui

160 1121 251 1158 nulli
272 1128 369 1166 sunt,
393 1134 470 1159 non
491 1134 604 1158 causa
630 1134 727 1169 quae
753 1129 837 1158 acta
857 1120 989 1158 timide
1010 1129 1076 1166 est,
1100 1128 1229 1169 agetur
1256 1121 1439 1170 improbe.

159 1184 244 1230 Vni,
268 1183 332 1221 uni
353 1185 426 1221 hoc
446 1185 582 1222 damus
602 1198 650 1221 ne
670 1184 709 1222 id
729 1184 885 1233 quidem
906 1184 1050 1232 roganti
1068 1198 1137 1221 nec
1151 1198 1258 1221 suam
1275 1197 1438 1230 causam,
1466 1199 1500 1229 15

159 1256 199 1285 ut
218 1247 280 1293 ait,
301 1247 427 1296 agenti
447 1249 513 1285 sed
533 1247 737 1296 publicam.
794 1249 854 1284 Tu
875 1247 967 1296 quid
987 1247 1129 1296 cogites
1149 1248 1197 1285 de
1211 1248 1443 1285 transeundo

159 1310 197 1348 in
219 1310 374 1360 Epirum
396 1310 490 1348 scire
509 1323 599 1347 sane
618 1310 741 1347 velim.

202 1452 250 1487 ῙῙ
427 1455 494 1486 Ser.
515 1456 546 1485 1'11
565 1456 741 1486 Formiano
755 1455 837 1487 Non.
859 1455 956 1487 Mart.
976 1467 1005 1486 a.
1027 1465 1083 1495 705
1100 1456 1186 1496 (49).

554 1549 720 1579 CICERO
742 1549 919 1580 ATTICO
941 1548 1043 1580 SAL.

215 1636 295 1674 Etsi
318 1636 440 1674 Nonis
462 1635 610 1674 Martiis
639 1636 700 1674 die
730 1644 806 1683 tuo,
835 1644 876 1675 ut
905 1637 1050 1686 opinor,
1077 1635 1343 1685 exspectabam
1370 1634 1445 1684 epi-
1466 1646 1504 1667 20

162 1701 298 1738 stulam
318 1713 340 1737 a
359 1707 395 1737 te
419 1699 639 1748 longiorem,
662 1706 788 1736 tamen
817 1701 866 1737 ad
896 1713 979 1738 eam
1009 1700 1129 1749 ipsam
1156 1700 1309 1736 brevem
1330 1711 1444 1747 quam

164 1776 223 1801 1111
246 1765 378 1800 Nonas
400 1764 468 1800 ὑπὸ
487 1763 551 1810 τὴν
570 1765 681 1812 λῆψιν
700 1763 839 1801 dedisti
860 1763 1145 1801 rescribendum
1166 1762 1304 1810 putavi.
1348 1763 1446 1798 Gau-

162 1828 251 1864 dere
278 1826 333 1864 ais
362 1834 398 1864 te
427 1826 610 1864 mansisse
639 1840 700 1864 me
729 1834 765 1864 et
795 1826 926 1864 scribis
952 1826 990 1862 in
1017 1825 1204 1863 sententia
1224 1832 1259 1862 te
1281 1837 1442 1862 manere.

165 1889 261 1926 Mihi
282 1897 408 1927 autem
429 1890 686 1938 superioribus
706 1889 837 1927 litteris
856 1889 1034 1926 videbare
1058 1901 1135 1925 non
1159 1887 1333 1925 dubitare
1353 1886 1444 1935 quin

163 1954 336 1990 cederem
366 1953 417 1990 ita
445 1952 474 1990 si
503 1961 540 1990 et
569 1955 724 1991 Gnaeus
753 1953 851 1990 bene
877 1951 1078 1989 comitatus
1104 1949 1389 1988 conscendisset
1409 1956 1446 1986 et
1468 1960 1503 1990 25

165 2017 339 2053 consules
366 2016 595 2053 transissent.
653 2018 789 2053 Vtrum
816 2017 889 2052 hoc
915 2022 953 2051 tu
980 2027 1111 2063 parum
1138 2012 1443 2057 commeministi,

165 2092 213 2116 an
233 2092 302 2127 ego
326 2092 402 2116 non
425 2079 512 2116 satis
533 2078 709 2124 intellexi,
731 2092 779 2116 an
804 2077 957 2115 mutasti
977 2075 1233 2114 sententiam?
1287 2076 1362 2113 Sed
1382 2082 1445 2112 aut

208 2192 224 2219 7
250 2185 298 2210 est
315 2179 466 2220 Madwg:
492 2185 523 2210 et
541 2179 625 2210 codd.
717 2179 750 2208 in
767 2178 866 2208 Boot:
893 2178 988 2207 modo
1005 2176 1074 2215 (sed
1089 2175 1236 2214 deletum)
1255 2174 1293 2204 M
1427 2176 1447 2204 8

167 2224 263 2253 etiam
281 2222 435 2262 Madvig:
458 2228 490 2253 et
507 2228 616 2252 tamen
633 2220 720 2251 codd.
831 2231 851 2258 9
875 2220 952 2250 licet
968 2220 1111 2258 Kayser:
1134 2211 1247 2248 licer⁸et
1263 2216 1305 2246 M.
1409 2226 1447 2245 10

169 2266 294 2295 accedit
320 2265 467 2304 Cvztlg.:
500 2265 673 2294 accederet
696 2263 752 2292 M:
785 2263 917 2293 accedet
941 2261 1053 2291 Mam:
1086 2260 1263 2291 accesserit
1287 2258 1443 2297 Mmarg.

173 2318 204 2337 ιι
233 2308 391 2337 irascetur
416 2307 489 2336 M22
522 2308 720 2336 irasceretur
746 2304 798 2334 M¹
930 2314 967 2333 12
990 2303 1066 2342 quoi
1093 2302 1237 2333 Schmidt
1258 2313 1264 2332 ε
1288 2311 1352 2340 quo
1376 2299 1446 2331 M¹:

169 2349 256 2387 quod
288 2348 340 2378 M·-'
498 2359 538 2378 22
561 2348 672 2388 λῆψιν]
710 2347 859 2386 διάλειψιν
892 2345 1028 2382 Gnrlstt;
1063 2344 1174 2374 medici
1200 2344 1284 2374 enim
1316 2341 1446 2382 πυρετὸν

170 2391 276 2424 dicunt
291 2390 454 2424 διαλείπειν
471 2403 477 2423 :
501 2394 654 2420 ΔΙΑΛΗΨ
671 2390 747 2422 inde
765 2389 822 2425 M„
843 2388 896 2418 sed
909 2389 997 2418 alifer
1014 2398 1060 2419 10.
1079 2388 1098 2418 8
