1690 2710
231 119 314 156 XV.
332 120 392 156 vii
677 122 730 159 M.
762 123 924 159 TVLLI
955 123 1251 161 CICERONIS

320 236 408 267 ante
424 242 538 278 quam
558 231 607 268 ad
627 243 715 268 eum
730 232 857 268 locum
873 230 970 277 veni,
984 231 1095 269 valde
1115 231 1209 268 mihi
1228 231 1402 280 placebat
1417 244 1505 269 cum
1524 245 1606 270 sen-

320 305 382 330 sus
409 293 488 330 eius
515 294 564 331 de
592 306 630 331 re
654 294 806 342 publica
827 298 937 331 †cum
964 299 1069 332 tum†
1090 294 1290 332 scribendi.
1348 294 1496 332 Servius
1516 308 1604 333 vero

321 355 539 404 pacificator
565 369 651 393 cum
681 356 870 394 librariolo
897 370 967 394 suo
994 356 1143 394 videtur
1168 357 1294 394 obisse
1319 357 1547 405 legationem
1568 365 1605 396 et

322 418 445 456 omnis
466 419 726 468 captiunculas
746 420 1021 467 pertimescere.
1082 421 1276 457 Debuerat
1295 427 1422 457 autem
1442 434 1520 458 non
1540 424 1605 458 ‘ex

321 481 400 519 iure
417 495 571 519 manum
592 484 830 519 consertum’
850 484 918 520 sed
938 496 1036 531 quae
1056 490 1289 531 sequuntur3
1313 489 1431 532 tuque
1451 483 1601 521 scribes.
1622 496 1640 527 5

365 583 478 618 VIII
584 587 651 618 δον.
671 588 702 616 z'n
724 586 901 617 Tusculano
913 587 994 626 prid.
1014 587 1057 618 K.
1075 587 1149 617 Iun.
1168 598 1196 617 a.
1219 597 1273 625 710
1287 588 1370 627 (44).

713 661 877 692 CICERO
906 661 1080 691 ATTICO
1110 661 1212 692 SAL.

284 743 301 769 1
371 733 463 769 Post
482 739 590 769 tuum
610 732 820 770 discessum
847 732 955 769 binas
980 745 1003 769 a
1029 733 1151 770 Balbo
1172 731 1281 781 (nihil
1309 732 1414 782 novi)
1434 732 1604 781 itemque

317 794 366 831 ab
388 795 525 842 Hirtio,
544 796 609 844 qui
629 809 669 834 se
688 796 817 833 scribit
833 797 1078 833 vehementer
1093 797 1282 833 offensum
1301 808 1384 833 esse
1403 795 1598 833 veteranis.

319 858 523 907 Exspectat
559 858 708 896 animus
746 859 930 908 quidnam
968 872 1077 908 agam
1115 860 1164 896 de
1204 861 1251 896 K.
1292 856 1451 909 [Mart.].
1511 858 1601 896 Misi
1624 876 1660 897 10

318 920 428 968 igitur
464 921 646 960 Tironem
678 929 714 959 et
748 935 835 960 cum
869 922 1011 960 Tirone
1045 922 1161 971 pluris
1192 922 1331 971 quibus
1364 921 1530 972 singulis,
1561 929 1602 959 ut

317 983 487 1033 quidque
517 984 727 1032 accidisset,
759 987 868 1023 dares
905 985 1056 1032 litteras,
1087 993 1202 1034 atque
1239 986 1352 1023 etiam
1390 985 1520 1034 scripsi
1552 987 1601 1023 ad

315 1047 528 1086 Antonium
557 1049 605 1087 de
633 1049 832 1098 legatione,
863 1063 922 1095 ne,
957 1049 988 1086 si
1015 1051 1065 1087 ad
1096 1050 1337 1087 Dolabellam
1366 1050 1489 1086 solum
1518 1049 1602 1086 scri-

315 1110 486 1159 psissem,
501 1111 704 1150 iracundus
722 1114 839 1150 homo
855 1120 1167 1150 commoveretur.
1205 1113 1322 1160 Quod
1335 1119 1463 1149 autem
1476 1111 1601 1149 aditus

314 1175 364 1212 ad
384 1187 471 1212 eum
493 1175 679 1212 difficilior
699 1189 781 1213 esse
802 1176 952 1222 dicitur,
968 1176 1099 1225 scripsi
1118 1177 1168 1213 ad
1189 1177 1436 1225 Eutrapelum
1456 1182 1497 1212 ut
1516 1174 1546 1212 is
1566 1175 1600 1212 ei
1624 1191 1657 1221 15

316 1250 419 1275 meas
439 1238 579 1276 litteras
596 1240 770 1276 redderet
785 1253 793 1285 3
823 1239 1011 1288 legatione
1027 1239 1120 1276 mihi
1141 1252 1236 1288 opus
1257 1252 1349 1277 esse.
1390 1238 1601 1276 Honestior

314 1308 370 1339 est
390 1301 526 1348 votiva,
549 1304 615 1339 sed
637 1302 723 1339 licet
744 1303 797 1340 uti
818 1310 986 1351 utraque.

273 1378 298 1405 2
369 1366 429 1402 De
463 1372 508 1411 te,
537 1378 690 1413 quaeso,
727 1365 840 1402 etiarn
873 1374 988 1414 atque
1020 1366 1134 1403 etiam
1165 1366 1261 1403 vide.
1319 1365 1445 1403 Velim
1477 1365 1599 1415 possis

314 1440 442 1465 coram
458 1442 466 1474 3
495 1427 525 1464 si
547 1428 671 1465 minus
693 1426 860 1480 [possis]‚
882 1429 1013 1466 litteris
1033 1429 1136 1466 idem
1157 1441 1446 1477 consequemur.
1487 1430 1599 1466 Grae-

314 1491 417 1528 ceius
436 1492 485 1528 ad
506 1504 567 1528 me
587 1490 734 1540 scripsit
750 1493 792 1530 C.
810 1492 984 1530 Cassium
1005 1491 1077 1529 sibi
1092 1491 1284 1540 scripsisse
1304 1491 1478 1529 homines
1499 1505 1599 1529 com-
1619 1504 1657 1526 20

314 1554 433 1604 parari
462 1553 527 1603 qui
555 1554 689 1591 armati
709 1553 747 1591 in
768 1556 1029 1592 Tusculanum
1050 1554 1295 1597 mitterentur.
1353 1555 1425 1593 †Id
1442 1554 1598 1603 quidem
1622 1573 1640 1591 A

314 1617 407 1654 mihi
426 1617 648 1655 videbatur’r
663 1631 673 1663 ;
702 1619 769 1655 sed
798 1619 1012 1656 cavendum
1032 1624 1160 1655 tamen
1184 1622 1248 1657 †ut
1267 1619 1329 1655 1lle
1355 1621 1452 1666 quel·
1471 1618 1597 1666 plures

312 1680 510 1719 videndae.
569 1682 645 1718 Sed
671 1681 816 1730 aliquid
837 1681 1020 1719 crastinus
1040 1681 1122 1719 dies
1141 1682 1190 1719 ad
1210 1681 1457 1730 cogitandum
1485 1681 1596 1719 nobis

311 1746 458 1784 †dare†.
500 1736 545 1781 Aa
563 1746 683 1786 eam-e.

352 1839 416 1873 IX
545 1842 612 1873 Scr.
633 1843 664 1872 1'11
687 1843 867 1873 Tusculano
883 1844 914 1873 iv
928 1842 1012 1873 Non.
1032 1842 1104 1872 Iun.
1125 1854 1152 1873 a.
1175 1853 1229 1881 710
1247 1842 1331 1882 (44).
1615 1852 1651 1884 25

705 1901 870 1931 CICERO
899 1899 1076 1931 ATTICO
1101 1899 1204 1930 SAL.

273 1971 291 1997 1
362 1972 423 1998 1111
445 1961 546 1998 Non.
565 1960 711 2009 vesperi
730 1973 752 1997 a
773 1960 894 1997 Balbo
913 1961 1083 1997 redditae
1099 1959 1191 1996 mihi
1211 1959 1355 1996 litterae
1375 1961 1454 1997 fore
1469 1959 1594 1997 Nonis

308 2031 492 2070 senatum,
525 2031 566 2061 ut
597 2025 735 2060 Brutus
762 2022 800 2059 in
829 2022 928 2068 Asia,
959 2021 1112 2060 Cassius
1138 2021 1177 2058 in
1206 2021 1332 2059 Sicilia
1360 2023 1593 2060 frumentum

352 2119 370 2138 2
392 2108 475 2147 turn]
502 2118 606 2146 genus
625 2108 676 2137 Fr.
696 2106 859 2136 Schmidt:
881 2114 959 2135 cura
976 2105 1073 2136 Rom.
1090 2117 1096 2135 :
1122 2104 1210 2135 τόνος
1228 2107 1304 2136 coni.
1324 2105 1407 2135 Boot

309 2151 438 2180 videtur
454 2151 538 2189 vulg.
560 2151 593 2188 cf.
612 2150 665 2180 vii.
688 2159 735 2187 14.
753 2158 772 2186 3
791 2146 972 2179 :videntur
995 2146 1071 2177 MZl
1202 2158 1239 2178 10
1263 2148 1358 2179 Mart.
1379 2148 1446 2179 secl.
1466 2147 1593 2187 Popma

310 2203 346 2232 19
370 2193 475 2231 possis
499 2203 564 2223 om.
592 2191 770 2231 Wesenberg
925 2201 963 2221 21
986 2195 1058 2221 aule
1081 2191 1112 2220 id
1136 2190 1208 2220 add.
1237 2190 1436 2220 Ementitum
1460 2190 1595 2231 Madvzg

307 2245 347 2264 22
365 2238 437 2274 post
459 2235 536 2264 mihi
559 2233 633 2265 add.
657 2244 723 2264 non
747 2234 835 2273 Pius,
861 2234 916 2263 vix
939 2232 1045 2271 Klotz,
1072 2233 1203 2262 mentiri
1225 2232 1278 2263 Fr.
1301 2231 1456 2271 Schmidt,
1476 2233 1590 2264 mirum

309 2276 420 2316 Meyer,
452 2277 546 2307 nihili
573 2276 658 2307 Reid
795 2281 829 2306 ut
854 2277 908 2306 ille
934 2275 1012 2315 que]
1037 2275 1226 2313 tutelaeque
1250 2274 1405 2314 Madvtg:
1428 2275 1590 2313 villaeque

314 2318 515 2359 PVcsenberg:
538 2319 732 2358 vigiliaeque
748 2319 843 2349 Klotz
985 2328 1025 2356 23
1048 2318 1205 2347 visendae
1233 2316 1414 2356 lVesenberg
1506 2316 1589 2356 Sed]

311 2361 417 2391 Debet
433 2360 570 2401 Madvig
710 2372 748 2400 24
772 2361 866 2401 dare]
885 2361 925 2390 de
941 2371 980 2390 ea
1002 2371 1036 2389 re
1051 2359 1190 2389 Rosius:
1214 2359 1301 2389 dabit
1318 2357 1416 2389 Rom.
1434 2370 1441 2389 :
1464 2360 1589 2390 adseret

307 2405 383 2433 com'.
408 2401 451 2432 W
447 2404 592 2444 esenluvg
