1590 2730
107 145 153 179 X.
176 143 250 177 xvi
492 143 543 178 M.
575 142 737 178 TVLLI
769 141 1065 179 CICERONIS

201 263 279 288 non
300 251 416 288 modo
429 249 653 299 placabilem
671 263 731 287 me
744 249 1002 299 praebuissem
1023 251 1089 287 sed
1105 257 1227 287 totum
1243 247 1480 294 remisissem,

201 314 231 350 si
250 313 464 351 advenisset
480 326 555 361 qua
575 320 701 350 mente
721 320 760 349 tu
781 314 829 350 ad
850 326 910 350 me
931 312 1139 361 scripseras.
1199 314 1288 348 Erat
1308 311 1410 358 enim
1430 310 1483 347 sic

202 376 239 412 in
281 376 353 413 tuis
395 376 525 413 litteris
572 389 664 424 quas
702 375 835 424 Arpini
878 388 1110 423 acceperam,
1149 387 1236 411 eum
1283 381 1483 410 venturum

203 441 465 488 facturumque
497 440 601 487 quod
632 452 702 487 ego
735 440 880 476 vellem.
954 440 1034 487 Ego
1061 438 1236 475 volebam
1269 444 1396 474 autem
1425 439 1484 474 vel

203 503 405 551 cupiebam
436 502 560 551 potius
592 515 673 539 esse
704 515 791 539 eum
825 501 1037 538 nobiscum.
1096 502 1213 549 Quod
1242 500 1331 549 quia
1359 502 1482 549 plane,
1504 512 1521 542 5

204 579 291 603 cum
320 566 358 602 in
386 565 630 603 Formianum
656 565 829 612 venisset,
852 565 1094 613 praeciderat,
1117 564 1283 613 asperius
1309 564 1358 600 ad
1377 571 1413 600 te
1437 564 1486 600 de

204 642 250 666 eo
264 629 425 666 scribere
441 629 621 666 solebam.
679 630 729 665 At
742 628 803 665 ille
819 641 1007 676 perpauca
1020 629 1168 664 locutus
1182 628 1280 664 hanc
1296 639 1484 663 summam

203 692 335 729 habuit
356 692 534 729 orationis
555 699 595 728 ut
611 691 681 728 sibi
698 692 931 740 ignoscerem
948 705 957 737 3
985 704 1024 728 se
1040 691 1151 728 rebus
1168 689 1243 726 suis
1259 689 1485 738 impeditum

204 755 405 792 nobiscum
431 754 483 791 ire
503 767 581 791 non
608 767 731 803 posse.
790 756 915 790 Pauca
935 753 1124 802 respondi,
1147 765 1327 801 magnum
1356 752 1485 801 accepi

204 819 386 863 dolorem,
409 817 574 854 intellexi
594 819 783 854 fortunam
803 817 852 853 ab
879 830 924 853 eo
951 824 1119 853 nostram
1143 817 1362 864 despectam
1391 828 1483 852 esse.
1509 829 1547 851 10

206 881 310 928 Quid
357 881 531 929 quaeris?
577 879 749 929 (fortasse
796 879 1005 928 miraberis)
1053 879 1090 915 in
1133 879 1305 916 maximis
1351 880 1487 915 horum

205 952 419 992 temporum
446 943 640 981 doloribus
670 944 771 979 hunc
803 942 895 978 mihi
927 942 1021 979 scito
1049 955 1139 979 esse.
1198 941 1322 980 Velim
1352 949 1392 978 ut
1420 941 1489 978 tibi

205 1007 349 1044 amicus
380 1006 436 1043 sit.
496 1007 584 1043 Hoc
615 1019 702 1042 cum
733 1005 801 1042 tibi
831 1012 933 1054 opto,
966 1012 1057 1053 opto
1087 1012 1128 1041 ut
1157 1004 1291 1042 beatus
1321 1004 1394 1051 sis,
1422 1004 1490 1042 erit

206 1070 307 1108 enim
329 1078 405 1106 tam
427 1069 501 1106 diu.

165 1144 189 1171 2
261 1133 472 1171 Consilium
503 1139 673 1168 nostrum
707 1144 816 1180 spero
849 1144 1009 1168 vacuum
1043 1131 1211 1180 periculo
1242 1133 1330 1168 fore.
1388 1132 1489 1167 Nam
1512 1141 1547 1172 15

207 1205 244 1235 et
264 1196 583 1234 dissimulavimus
607 1204 653 1241 et,
676 1202 716 1232 ut
736 1195 880 1243 opinor,
904 1208 975 1231 nen
995 1194 1174 1232 acerrime
1195 1195 1488 1232 adservabimur.

209 1260 409 1309 Navigatio
430 1262 547 1298 modo
568 1261 613 1298 sit
633 1261 783 1308 qualern
814 1265 915 1306 opto,
939 1265 1071 1303 cetera,
1095 1270 1192 1306 quae
1220 1257 1375 1306 quidem
1405 1270 1492 1294 con—

209 1324 292 1362 silio
325 1324 511 1373 provideri
545 1330 731 1373 poterunt,
765 1321 1008 1358 cavebuntur.
1066 1322 1137 1365 Tu,
1174 1321 1265 1357 dum
1296 1322 1488 1366 adsumus,

208 1401 287 1425 non
314 1389 430 1425 modo
451 1401 547 1436 quae
568 1387 662 1425 scies
688 1385 897 1423 audierisve
922 1385 989 1421 sed
1017 1383 1128 1421 etiam
1150 1396 1247 1432 quae
1268 1385 1391 1421 futura
1410 1396 1492 1432 pro-

209 1451 355 1488 videbis
376 1451 516 1488 scribas
536 1450 659 1488 velim.
1513 1457 1550 1478 20

168 1522 193 1558 3
264 1515 370 1559 Cato,
407 1514 472 1562 qui
509 1513 673 1550 Siciliam
712 1520 839 1550 tenere
874 1514 978 1549 nullo
1012 1511 1165 1559 negotio
1203 1509 1326 1559 potuit
1364 1509 1426 1558 (et,
1462 1509 1492 1546 si

210 1577 402 1621 tenuisset,
437 1589 569 1613 omnes
603 1575 694 1612 boni
727 1577 775 1612 ad
803 1588 889 1612 eum
923 1587 962 1611 se
992 1572 1268 1621 contulissent),
1302 1572 1492 1620 Syracusis

210 1641 400 1689 profectus
417 1647 472 1677 est
492 1647 579 1676 ante
600 1639 700 1676 diem
718 1651 788 1675 vm
809 1641 855 1675 K.
874 1637 977 1683 Mai„
995 1645 1036 1674 ut
1051 1637 1100 1674 ad
1121 1649 1181 1672 me
1197 1635 1313 1673 Curio
1334 1635 1490 1683 scripsit.

211 1703 377 1747 Vtinam,
418 1703 522 1750 quod
559 1702 674 1746 aiunt,
716 1703 830 1739 Cotta
868 1700 1080 1738 Sardiniam
1118 1701 1266 1736 teneat!
1306 1704 1362 1735 est
1390 1697 1491 1735 enim

211 1779 347 1803 rumor.
406 1766 451 1811 O,
474 1765 504 1802 si
524 1765 562 1802 id
583 1765 700 1810 fuerit,
724 1772 870 1813 turpem
894 1765 1104 1802 Catonem!
1513 1773 1550 1803 25

166 1837 193 1873 4
266 1831 347 1877 Ego
378 1836 419 1866 ut
450 1828 658 1865 minuerem
693 1827 948 1876 suspicionem
987 1824 1230 1874 profectionis
1262 1831 1327 1861 aut
1357 1823 1495 1873 cogita-

212 1893 325 1930 tionis
346 1905 463 1937 meae,
485 1892 675 1940 profectus
696 1904 778 1927 sum
800 1890 837 1926 in
865 1889 1141 1937 Pompeianum
1161 1901 1192 1924 a.
1215 1888 1250 1924 d.
1274 1899 1318 1924 111
1341 1888 1434 1924 Idus
1454 1894 1495 1924 ut

213 1955 265 1992 ibi
286 1952 407 1992 essem
428 1955 520 1991 dum
542 1967 638 2002 quae
658 1954 706 1990 ad
727 1953 983 2001 navigandum
1004 1964 1098 1999 opus
1119 1957 1244 1987 essent
1263 1957 1491 1998 pararentur.

214 2020 313 2057 Cum
339 2019 388 2055 ad
408 2017 534 2054 villam
561 2016 759 2061 venissem,
782 2022 936 2053 ventum
964 2021 1019 2051 est
1041 2015 1090 2051 ad
1117 2026 1199 2050 me:
1229 2012 1493 2050 ‘centuriones

213 2082 325 2119 trium
356 2080 580 2125 cohortium,
615 2070 711 2128 quae
744 2078 934 2127 Pompeiis
964 2084 1060 2122 sunt,
1094 2089 1155 2113 me
1184 2077 1280 2113 velle
1311 2075 1492 2124 postridie
1513 2087 1552 2118 30

261 2186 298 2213 16
322 2182 595 2213 dissimulabimus
626 2181 707 2210 Pius
814 2190 877 2209 non
910 2178 980 2208 add.
1011 2177 1146 2217 Madvig
1249 2177 1497 2206 adservabimur

215 2226 344 2258 Lamb.;
362 2226 479 2254 —bimus
493 2224 579 2254 codd.
620 2222 806 2261 PVesenberg
817 2222 860 2251 ira
871 2221 1066 2260 interpunxit
1078 2223 1189 2249 et—ut
1200 2219 1327 2257 opinor,
1340 2219 1497 2248 acerrime

215 2266 670 2304 adservabimur-navigatio
823 2274 860 2303 19
884 2264 969 2293 scies
993 2262 1043 2291 Ml
1073 2261 1273 2301 Wesenberg:
1306 2261 1419 2291 scieris
1446 2259 1500 2289 M²

218 2321 258 2350 29
282 2316 413 2340 ventum
431 2309 529 2339 codd.:
556 2309 739 2338 nuntiatum
756 2306 854 2336 Reid:
880 2306 1016 2336 relatum
1032 2304 1153 2334 Mic‘ller
