1590 2730
526 142 635 179 EPP.
666 145 741 179 AD
770 146 1021 183 ATTICVM
1370 152 1437 187 IX.
1457 150 1562 186 xviii

132 247 282 296 inquies
304 251 452 286 ‘actum
465 262 514 286 ne
528 251 640 298 agas)
683 251 808 287 Etiam
822 251 927 289 illum
948 252 1072 300 ipsum
1089 267 1204 302 quem
1225 257 1417 304 sequimur

132 313 250 348 multa
269 313 490 349 fefellerunt.

184 376 260 412 Sed
289 387 359 423 ego
387 382 470 412 tuas
499 375 640 412 litteras
673 384 861 424 exspecto.
920 378 1026 415 Nihil
1055 386 1111 416 est
1140 379 1242 417 enim
1271 380 1346 417 iam
1376 388 1459 424 ut4

131 444 243 474 antea
265 437 496 475 ‘Videamus
516 440 590 475 hoc
610 451 792 486 quorsum
814 441 972 477 evadat.⁷
1030 443 1251 480 Extremum
1276 444 1345 481 fuit
1368 446 1416 482 de

95 514 113 547 5
131 513 335 549 congressu
356 509 509 547 nostr03
539 514 616 549 quo
632 502 789 550 quidem
809 515 887 539 non
904 504 1040 542 dubito
1056 505 1148 553 quin
1169 505 1281 542 istum
1303 508 1417 545 offen-

131 563 262 602 derim.
321 565 380 601 Eo
406 565 588 600 maturius
617 566 809 612 agendum
839 573 905 602 est.
963 568 1117 604 Amabo
1143 576 1188 613 te,
1216 568 1417 617 epistulam

131 635 168 665 et
186 628 398 676 πολιτικήνέ
454 629 578 666 Valde
598 635 681 665 tuas
702 628 842 666 litteras
863 643 965 667 nunc
986 638 1175 680 exspecto.

173 768 280 804 XIX
432 772 497 805 Scr.
517 773 638 813 Arpini
648 772 727 813 prid.
746 774 788 804 K.
807 774 888 814 Apr.
908 786 937 805 α.
957 784 1010 813 705
1027 775 1114 816 (49).

532 859 699 890 CICERO
721 860 894 891 ATTICO
916 861 1019 892 SAL.

74 950 113 972 10
184 936 267 985 Ego
287 948 374 974 meo
391 935 578 982 Ciceroni,
599 936 781 984 quoniam
804 938 929 974 Roma
949 950 1130 984 caremus,
1150 939 1283 988 Arpini
1304 940 1418 989 potis·
1436 952 1454 979 1

130 997 268 1035 simum
298 1006 425 1048 togam
455 1012 588 1047 puram
618 999 718 1045 dedi,
748 999 863 1048 idque
893 1000 1150 1048 municipibus
1181 1003 1318 1039 nostris
1347 1004 1416 1041 fuit

128 1069 285 1109 gratum.
345 1062 427 1099 Etsi
458 1062 582 1099 omnis
602 1070 639 1099 et
660 1062 742 1099 illos
772 1070 808 1100 et
828 1076 903 1111 qua
930 1063 998 1100 iter
1021 1064 1092 1100 feci
1119 1073 1283 1102 maestos
1312 1067 1416 1103 adfli-

129 1132 289 1173 ctosque
303 1125 390 1162 vidi.
440 1127 538 1161 Tam
560 1124 672 1162 tristis
693 1133 729 1162 et
750 1133 826 1162 tam
846 1133 952 1163 atrox
972 1134 1028 1164 est
1044 1128 1283 1176 ἀναθεώρησις
1303 1129 1415 1167 huius

131 1188 293 1237 ingentis
322 1188 421 1225 mali.
481 1188 653 1225 Dilectus
681 1189 878 1234 habentur,
907 1188 946 1225 in
975 1189 1134 1228 hiberna
1162 1192 1413 1230 deducuntur.

75 1264 112 1297 15
134 1253 190 1289 Ea
216 1265 313 1300 quae
339 1251 452 1289 etiam
483 1265 570 1288 cum
592 1265 613 1288 a
634 1251 745 1288 bonis
771 1251 867 1297 viris,
891 1266 977 1289 cum
1005 1253 1104 1291 iusto
1130 1254 1168 1291 in
1195 1255 1305 1300 bello,
1329 1269 1416 1293 cum

131 1317 304 1353 modeste
325 1317 431 1361 fiunt,
453 1322 581 1353 tamen
602 1315 683 1364 ipsa
703 1329 770 1364 per
790 1329 829 1353 se
850 1317 1010 1353 molesta
1029 1324 1127 1363 sunt,
1150 1331 1264 1366 quam
1285 1332 1416 1356 censes

127 1379 264 1416 acerba
284 1392 386 1416 nunc
407 1392 499 1425 esse,
522 1392 609 1416 cum
631 1392 652 1415 a
673 1378 828 1427 perditis
850 1378 888 1415 in
909 1379 1008 1416 civili
1029 1381 1172 1418 nefario
1193 1382 1293 1419 bello
1313 1390 1417 1430 petu-

128 1442 336 1480 lantissime
363 1444 477 1480 siant!
534 1444 637 1480 Cave
663 1450 791 1480 autem
820 1450 930 1491 putes
957 1456 1189 1492 quemquam
1220 1445 1415 1482 hominem

129 1504 168 1542 in
190 1507 299 1544 Italia
319 1515 467 1556 turpem
488 1520 570 1545 esse
591 1507 655 1555 qui
677 1506 766 1543 hinc
787 1506 894 1543 absit.
945 1506 1034 1544 Vidi
1055 1507 1135 1555 ipse
1157 1508 1316 1545 Formiis
1337 1509 1416 1546 uni-

73 1584 113 1606 20
129 1583 256 1608 versos
277 1585 402 1620 neque
423 1585 484 1609 me
500 1573 653 1609 hercule
674 1583 856 1619 umquam
880 1569 1055 1607 homines
1076 1570 1215 1619 putavi,
1231 1578 1267 1608 et
1283 1585 1414 1609 noram

129 1634 253 1671 omnis
274 1637 341 1673 sed
361 1649 572 1684 numquam
593 1649 671 1672 uno
692 1636 777 1671 loco
798 1633 974 1671 videram.

181 1701 384 1748 Pergamus
405 1700 516 1749 igitur
535 1714 612 1749 quo
634 1702 758 1748 placet
780 1706 816 1737 et
837 1706 965 1735 nostra
988 1697 1117 1736 omnia
1143 1697 1409 1746 relinquamus,
1430 1710 1455 1739 2

126 1763 408 1810 proficiscamur
427 1766 476 1801 ad
497 1778 585 1802 eum
606 1764 665 1801 cui
687 1763 825 1812 gratior
846 1770 974 1799 noster
997 1763 1184 1798 adventus
1210 1761 1278 1799 erit
1298 1774 1413 1809 quam

125 1825 157 1862 si
177 1839 252 1863 una
271 1827 482 1865 fuissemus.
540 1829 642 1864 Tum
663 1826 764 1864 enim
795 1839 943 1863 eramus
964 1825 1002 1862 in
1024 1824 1187 1862 maxima
1213 1837 1289 1873 spe,
1312 1838 1414 1861 nunc

70 1900 107 1932 25
126 1901 197 1938 ego
217 1890 373 1938 quidem
394 1891 432 1928 in
453 1892 579 1938 nulla3
609 1904 679 1928 nec
700 1897 846 1939 praeter
868 1904 929 1927 me
950 1889 1151 1938 quisquam
1174 1887 1283 1924 Italia
1302 1887 1414 1925 cessit

126 1952 197 1989 nisi
221 1954 285 2002 qui
312 1956 414 1992 hunc
441 1954 638 1992 inimicum
666 1954 736 1992 sibi
764 1961 922 2003 putaret.
984 1955 1066 1990 Nec
1088 1965 1148 1989 me
1168 1952 1320 1988 hercule
1339 1952 1414 1989 hoc

125 2016 223 2054 facio
243 2017 294 2055 rei
314 2018 489 2066 publicae
510 2027 623 2054 causa
644 2031 758 2066 quam
781 2017 951 2055 funditus
974 2018 1138 2053 deletam
1159 2022 1261 2063 puto,
1278 2015 1344 2051 sed
1365 2027 1413 2052 ne

125 2079 209 2127 quis
239 2094 299 2118 me
327 2088 434 2129 putet
463 2081 649 2129 ingratum
680 2080 716 2116 in
745 2094 831 2117 eum
854 2080 916 2128 qui
948 2093 1008 2116 me
1036 2078 1171 2116 levavit
1200 2077 1244 2114 iis
1270 2076 1413 2114 incom-

166 2193 184 2220 4
208 2187 312 2212 antea.
342 2183 538 2212 ‘Videamus
555 2183 616 2212 hoc
629 2192 783 2219 quorsum
801 2182 918 2211 evadat
931 2182 937 2193 ’
952 2185 1143 2219 extremum,
1159 2181 1201 2209 ila
1219 2179 1414 2219 lnsfflpunxit

123 2224 318 2263 Frederkt'ng
420 2235 572 2263 quorsum
593 2223 772 2254 O2RPM25
789 2235 795 2253 z
824 2234 952 2253 cursum
969 2222 1021 2252 Ml
1174 2233 1192 2260 5
1215 2222 1410 2252 offenderim

125 2266 213 2296 M'2s:
238 2276 341 2296 -erem
361 2265 506 2296 ORPM1
648 2277 683 2305 17
708 2278 726 2296 a
743 2266 879 2305 perditis
897 2265 1021 2296 civibus
1038 2264 1068 2294 in
1089 2265 1212 2294 nefario
1231 2265 1315 2294 bello
1332 2265 1408 2294 coni.

128 2307 311 2349 Wesenberg
384 2309 465 2347 fort.
485 2312 512 2338 et
526 2309 575 2338 ln'c
587 2312 615 2338 et
628 2310 694 2339 viii.
717 2318 751 2338 11
771 2318 792 2338 D
809 2310 829 2337 6
847 2308 930 2337 civili
947 2307 1169 2337 seclztdendmn
1373 2317 1413 2336 20

126 2361 278 2390 umquam
294 2355 342 2381 tot
357 2351 509 2381 homines
525 2351 600 2381 com'.
622 2350 706 2380 Resd
803 2361 842 2388 24
867 2350 1040 2380 fuissemus
1056 2350 1095 2380 M
1108 2350 1192 2389 vulg.
1210 2361 1216 2380 ε
1241 2349 1413 2379 ivissemus

127 2394 203 2424 σοιτί.
225 2394 340 2424 Lamb.
357 2404 364 2423 t
388 2394 583 2431 fugissemus
603 2393 780 2422 Gronovius
