1810 2740
618 128 726 163 EPP.
758 127 833 162 AD
863 126 1112 163 ATTICVM
1408 126 1514 162 XIV.
1532 125 1623 162 xvii

227 234 320 272 mihi
339 233 491 272 cenanti
511 233 656 271 litterae
675 240 763 270 tuae
782 239 870 269 sunt
893 232 1063 269 redditae
1083 245 1177 280 quas
1197 233 1356 270 dederas
1378 234 1515 270 Deme-

226 297 297 335 trio
321 297 456 335 liberto
481 310 533 346 pr.
557 298 642 333 Kal.
659 310 669 342 3
702 296 741 332 in
769 296 907 344 quibus
934 297 1053 332 multa
1079 295 1277 344 sapienter,
1300 297 1367 333 sed
1387 303 1515 333 tamen

226 360 326 407 talia,
346 374 461 409 quern
480 361 529 397 ad
550 361 707 397 modurn
729 366 808 396 tute
828 358 1032 405 scribebas,
1053 366 1094 395 ut
1120 372 1234 395 omne
1255 359 1456 395 consilium
1476 358 1515 396 in

226 425 376 461 fortuna
395 423 561 472 positum
582 422 780 459 videretur.
839 423 975 470 Itaque
1001 421 1058 458 his
1080 423 1127 459 de
1148 408 1329 474 rebus'eg
1344 429 1515 476 tempore
1539 407 1810 452 “ammi‘’-

189 501 204 530 5
225 494 263 523 et
282 494 436 524 coram.⁴
479 488 538 522 De
560 484 761 522 Buthrotio
781 484 934 532 negotio
958 484 1103 521 utinam
1124 484 1279 532 quidem
1301 485 1513 522 Antonium
1532 496 1556 523 2
1704 490 1736 519 κ’·

225 549 476 587 conveniam!
533 550 699 585 Multum
738 549 908 596 profecto
939 547 1146 595 proficiam.
1204 549 1279 584 Sed
1313 561 1391 584 non
1421 548 1516 584 arbi-

225 620 368 650 trantur
394 625 481 649 eum
501 625 523 648 a
543 612 676 659 Capua
702 610 1003 656 declinaturum3
1036 623 1113 658 quo
1134 610 1289 659 quidem
1317 618 1447 648 metuo
1468 624 1515 649 ne

226 688 364 724 magno
392 675 444 712 rei
473 674 648 723 publicae
677 675 778 710 malo
806 672 959 711 venerit.
1019 674 1135 719 Quod
1165 673 1267 710 idem
1298 675 1338 710 L.
1364 674 1516 712 Caesari

225 738 424 776 videbatur
452 751 566 786 quem
596 737 715 785 pridie
740 735 903 784 Neapoli
931 737 1126 772 adfectum
1152 736 1312 784 graviter
1334 736 1513 774 videram.

170 815 208 836 10
227 803 353 849 Quam
374 802 424 838 ob
450 814 529 838 rem
555 800 626 837 ista
653 800 764 837 nobis
790 801 838 837 ad
861 800 946 836 Kal.
970 799 1099 836 Iunias
1126 801 1322 837 tractanda
1348 801 1517 849 etvperfi-

225 864 362 902 cienda
380 872 477 901 sunt.
535 865 611 901 Sed
631 865 824 901 hactenus.

277 927 444 975 Quintus
468 928 566 964 filius
594 928 643 964 ad
663 935 807 975 patrem
832 926 1094 963 acerbissimas
1116 926 1257 964 litteras
1286 926 1387 964 misit
1416 940 1513 976 quae
1531 936 1555 972 3

224 998 312 1027 sunt
332 990 366 1028 ei
384 991 554 1028 redditae
574 1003 661 1027 cum
682 990 916 1027 venissemus
936 989 975 1026 in
996 990 1285 1039 Pompeianum.
1342 992 1513 1038 Quarum

223 1061 352 1091 tamen
389 1061 467 1091 erat
503 1061 617 1102 caput
648 1053 841 1102 Aquiliam
875 1066 1078 1106 noy-ercam
1112 1066 1191 1090 non
1224 1066 1306 1091 esse
1339 1047 1760 1106 laturum.an

93 1104 137 1145 θ’*
168 1129 203 1161 15
223 1118 299 1155 Sed
319 1118 393 1154 hoc
412 1117 607 1155 tolerabile
628 1118 793 1162 fortasse,
817 1117 910 1154 illud
930 1107 1091 1163 verofse
1111 1130 1133 1154 a
1154 1118 1316 1155 Caesare
1336 1118 1515 1156 habuisse

11 1186 180 1252 ‘murz-7
223 1181 361 1226 omnia,
384 1181 477 1218 nihil
505 1194 527 1218 a
555 1188 671 1229 patre,
697 1180 841 1228 reliqua
869 1193 1018 1229 sperare
1046 1181 1095 1217 ab
1115 1180 1365 1218 Antonio—o
1394 1181 1515 1230 perdi-

14 1225 150 1276 Μ
222 1251 303 1281 tum
324 1244 519 1281 hominem
537 1246 543 1281 1
600 1245 675 1281 Sed
693 1246 856 1300 [ιεὲήσει.
923 1234 1182 1282 Theium
1202 1237 1385 1275 olata*
1400 1239 1587 1276 ›aedon-e.

256 1300 339 1345 'Ad
361 1310 520 1344 Brutum
540 1315 722 1353 nostrum,
738 1309 787 1345 ad
801 1307 987 1353 Cassium,
1005 1308 1054 1344 ad
1073 1307 1313 1344 Dolabellam
1335 1308 1513 1356 epistulas
1531 1318 1557 1355 4

222 1371 362 1420 scripsi.
422 1373 561 1408 Earum
589 1373 762 1420 exempla
787 1371 856 1408 tibi
882 1371 977 1416 misi,
1000 1384 1078 1408 non
1104 1378 1145 1408 ut
1166 1371 1413 1408 deliberarem
1435 1373 1515 1409 red-

166 1451 203 1472 20
221 1436 422 1472 dendaene
442 1443 577 1472 essent.
636 1437 754 1472 Plane
775 1435 877 1472 enim
904 1435 1032 1472 iudico
1056 1448 1138 1472 esse
1160 1436 1386 1480 reddendas,
1408 1436 1514 1484 quod

222 1511 301 1536 non
321 1498 456 1535 dubito
476 1498 567 1546 quin
588 1506 628 1535 tu
649 1498 751 1536 idern
772 1498 1050 1536 existimaturus
1071 1498 1130 1535 sis.

273 1561 451 1600 Ciceroni
477 1575 574 1607 meo,
597 1561 648 1598 mi
670 1561 806 1606 Attice,
829 1561 1090 1610 suppeditabis
1117 1568 1303 1609 quantum
1324 1561 1514 1599 videbitur
1529 1573 1556 1613 5

221 1637 360 1672 meque
380 1626 453 1660 hoc
473 1624 542 1661 tibi
566 1637 662 1660 onus
686 1624 882 1672 imponere
906 1623 1057 1672 patiere.
1116 1625 1226 1671 Quae
1245 1625 1371 1661 adhuc
1391 1624 1512 1662 fecisti

221 1687 314 1723 mihi
343 1695 430 1724 sunt
458 1687 676 1735 gratissima.
737 1687 893 1724 Librum
925 1700 1051 1724 meum
1083 1687 1186 1723 illum
1215 1688 1401 1725 ἀνέκδοτον
1421 1701 1512 1725 non-
1530 1689 1558 1727 6

165 1765 201 1796 25
221 1751 325 1795 dum,
347 1758 388 1787 ut
408 1750 518 1795 volui,
542 1750 749 1799 perpolivi3
782 1750 852 1787 ista
872 1764 960 1788 vero
981 1764 1077 1799 quae
1097 1758 1137 1787 tu
1158 1751 1308 1788 contexi
1328 1751 1382 1788 vis
1408 1751 1511 1789 aliud

221 1815 416 1862 quoddam
462 1821 676 1862 separatum
716 1815 895 1851 volumen
942 1821 1172 1863 exspectant.
1242 1816 1324 1862 Ego
1370 1822 1508 1859 autem,
1539 1818 1706 1885 w
1724 1859 1732 1866 ο

220 1878 352 1914 credas
383 1877 474 1913 mihi
506 1877 629 1923 velim,
665 1877 812 1915 minore
849 1878 1017 1927 periculo
1055 1877 1229 1915 existimo
1267 1885 1397 1914 contra
1430 1877 1511 1914 illas
1611 1865 1663 1872 ’-

220 1940 380 1977 nefarias
417 1941 531 1989 partis
565 1941 650 1978 vivo
688 1949 847 1989 tyranno
886 1941 960 1978 dici
995 1940 1163 1989 potuisse
1194 1954 1307 1989 quam
1347 1947 1507 1977 mortuo.

222 2004 292 2040 Ille
315 2003 415 2040 enim
443 2004 571 2041 nescio
593 2018 669 2052 quo
695 2012 808 2053 pacto
834 2005 977 2042 ferebat
1005 2018 1065 2041 me
1086 2004 1241 2052 quidem
1269 2003 1510 2049 mirabiliter3

163 2080 202 2110 30
220 2079 322 2103 nunc
346 2080 589 2116 quacumque
615 2081 684 2105 nos
709 2068 998 2113 commovimus,
1021 2069 1069 2105 ad
1091 2067 1262 2105 Caesaris
1290 2079 1367 2103 non
1392 2068 1509 2104 modo

264 2177 298 2197 11
323 2168 404 2197 haec
421 2171 493 2197 ante
508 2168 666 2198 hactenus
684 2168 757 2198 add.
780 2168 878 2199 Orelli
1022 2179 1058 2206 14
1083 2179 1118 2199 se
1131 2172 1204 2208 post
1220 2179 1293 2198 esse
1310 2167 1384 2198 add.
1403 2167 1513 2197 Baiter

219 2220 261 2239 20
283 2215 394 2239 essent
413 2210 525 2248 <plane
545 2234 551 2240 .
572 2233 579 2240 .
602 2235 608 2241 .
625 2211 826 2247 reddendas)
845 2212 902 2241 sed
920 2212 1006 2248 quod
1023 2212 1107 2250 vulg.
1128 2223 1134 2241 :
1158 2212 1215 2241 sed
1233 2222 1295 2241 om.
1315 2210 1354 2239 M
1468 2219 1508 2247 25

220 2257 254 2281 ut
270 2262 323 2281 om
341 2251 393 2280 Ml
543 2253 674 2282 contexi
698 2255 748 2283 vis
776 2254 821 2283 C:
856 2253 1034 2284 convexius
1049 2254 1089 2283 M
1247 2264 1286 2292 27
1313 2253 1425 2283 credas
1441 2256 1507 2284 vett.

220 2295 340 2335 predas
355 2293 407 2323 M1
422 2305 428 2324 :
455 2295 576 2337 prodas
593 2295 645 2326 M²
