1590 2730
469 154 577 189 EPP.
608 154 683 189 AD
713 154 964 192 ATTICVM
1281 156 1350 192 XI.
1373 153 1449 191 xiii

76 259 316 309 spurcissime
332 273 425 308 quas
445 259 496 297 ob
512 272 643 297 causas
663 259 802 297 fecerit.
852 261 927 298 Sed
947 274 1071 309 neque
1092 262 1166 298 hoc
1185 270 1356 310 temporo

75 336 146 360 nec
175 330 287 360 antea
319 322 557 371 patefecisset
587 322 719 359 odium
751 335 860 359 suuni
895 323 934 359 in
968 337 1039 369 me,
1073 324 1144 360 nisi
1178 325 1356 363 omnibus

75 387 187 424 rebus
216 399 277 423 me
305 399 387 423 esse
413 399 636 435 oppressum
665 385 818 423 videret.
878 388 1005 435 Atque
1031 387 1176 424 utinam
1206 390 1264 425 vel
1294 403 1358 426 no-

75 449 227 495 cturnis,
253 462 367 498 quem
395 450 445 487 ad
474 450 632 487 modum
663 456 704 486 tu
735 449 945 498 scripseras,
972 450 1168 488 itineribus
1202 451 1357 500 propius

39 520 55 551 5
75 520 112 550 te
135 512 403 550 accessissem!
446 514 561 550 Nunc
587 526 658 550 nec
685 512 749 549 ubi
776 526 847 550 nec
873 514 1028 561 quando
1055 521 1092 550 te
1118 513 1188 550 sim
1213 514 1358 551 visurus

74 589 229 625 possum
251 576 440 624 suspicari.

70 681 73 683 ,
130 641 188 676 De
220 639 471 677 coheredibus
506 639 714 677 Fufidianis
744 639 838 676 nihil
871 639 940 676 fuit
973 641 1078 688 quod
1106 641 1155 677 ad
1184 653 1245 678 me
1274 640 1358 677 scri·
1377 649 1400 684 3

75 703 206 748 beres3
234 715 322 739 nam
349 710 385 739 et
410 716 575 751 aequum
603 704 796 751 postulant
822 710 858 740 et
885 703 1068 751 quicquid
1094 703 1232 752 egisses
1258 712 1358 741 recte

75 778 157 803 esse
184 773 311 802 actum
337 774 520 813 putarem.
585 768 643 803 De
672 767 792 803 fundo
820 766 1007 803 Frusinati
1033 766 1257 804 redimendo
1284 767 1356 804 iam
1377 776 1402 811 4

21 841 57 863 ιο
75 828 221 876 pridem
256 828 468 866 intellexisti
502 831 737 866 voluntatem
776 842 911 866 meam.
975 829 1055 866 Etsi
1089 837 1169 866 tum
1205 831 1359 868 meliore

75 893 160 928 loco
197 905 254 928 res
294 900 398 929 erant
436 900 585 929 nostrae
625 905 751 940 neque
790 900 866 929 tam
907 892 999 929 mihi
1037 894 1278 942 desperatum
1317 894 1358 930 iri

74 954 283 1001 videbatur,
319 964 446 992 tamen
477 956 514 991 in
547 956 680 992 eadem
711 968 795 992 sum
829 957 1034 993 voluntate.
1094 958 1139 993 Id
1169 970 1283 1005 quem
1310 958 1358 994 ad

75 1019 234 1055 modum
262 1019 324 1055 fiat
351 1017 393 1055 tu
414 1018 570 1056 videbis.
631 1020 679 1055 Et
698 1018 822 1064 velim,
842 1020 946 1067 quod
969 1019 1118 1067 poteris,
1142 1020 1358 1058 consideres

75 1088 116 1118 ut
149 1081 195 1118 sit
228 1083 331 1119 unde
368 1082 479 1119 nobis
517 1081 808 1130 suppeditentur
846 1091 1018 1131 sumptus
1052 1084 1263 1121 necessarii.
1321 1084 1358 1121 Si

22 1155 55 1186 15
75 1158 169 1194 quas
198 1145 401 1182 habuimus
429 1146 637 1190 facultates,
661 1158 723 1182 eas
754 1145 940 1194 Pompeio
969 1153 1049 1182 tum
1079 1160 1165 1183 cum
1196 1147 1234 1185 id
1261 1147 1361 1185 vide-

75 1209 210 1245 bamur
242 1208 431 1256 sapienter
463 1209 585 1245 facere
618 1208 834 1245 detulimus.
896 1210 1032 1256 Itaque
1063 1216 1142 1246 tum
1174 1218 1210 1247 et
1242 1224 1264 1247 a
1295 1219 1360 1247 tuo

75 1272 187 1310 vilico
216 1272 448 1320 sumpsimus
477 1279 513 1309 et
542 1272 696 1309 aliunde
727 1272 886 1308 mutuati
916 1286 1046 1310 sumus
1076 1286 1164 1310 cum
1194 1274 1360 1321 Quintus

76 1335 242 1384 queritur
262 1348 327 1383 per
348 1335 487 1372 litteras
512 1334 583 1371 sibi
604 1348 673 1371 nos
698 1334 790 1370 nihil
812 1334 974 1380 dedisse,
998 1335 1063 1383 qui
1084 1349 1208 1384 neque
1227 1337 1276 1373 ab
1296 1337 1360 1373 illo

76 1398 193 1447 rogati
227 1412 356 1435 sumus
390 1411 514 1446 neque
547 1397 617 1446 ipsi
649 1411 733 1435 earn
766 1398 969 1445 pecuniam
1002 1399 1227 1447 aspeximus
1286 1401 1361 1437 Sed

11 1458 57 1498 '20
76 1462 186 1500 velim
211 1462 339 1500 videas
367 1462 459 1510 quid
486 1461 532 1498 sit
559 1463 663 1510 quod
690 1461 827 1498 confici
851 1461 970 1509 possit
997 1462 1167 1510 quidque
1194 1463 1285 1499 mihi
1313 1464 1361 1501 de

76 1526 254 1563 omnibus
274 1527 341 1563 des
362 1524 496 1562 consili
514 1539 520 1564 ;
549 1532 585 1562 et
606 1538 759 1561 causam
780 1524 889 1561 nosti.

130 1580 240 1626 Ptin-a
263 1602 310 1626 ne
335 1588 497 1626 scribam
519 1589 650 1625 dolore
672 1587 869 1636 impedior.
929 1587 967 1624 Si
988 1587 1080 1636 quid
1100 1587 1168 1625 erit
1188 1589 1293 1636 quod
1313 1589 1361 1625 ad
1381 1593 1404 1631 5

76 1664 172 1700 quos
198 1651 441 1689 scribendum
470 1664 556 1688 meo
584 1650 739 1688 nomine
767 1657 886 1698 putes,
910 1650 1022 1687 velim
1047 1659 1087 1687 ut
1111 1653 1208 1688 soles
1234 1651 1358 1697 facias,

76 1715 329 1763 quotiensque
350 1714 508 1752 habebis
533 1713 624 1762 quoi
645 1715 711 1751 des
739 1714 787 1750 ad
813 1726 873 1750 me
897 1713 1037 1751 litteras
1063 1713 1179 1751 nolim
1204 1722 1362 1762 praeter-

20 1793 55 1823 25
76 1777 211 1815 mittas.
271 1779 375 1815 Vale.

117 1875 221 1909 XIV
341 1878 407 1909 Scr.
426 1878 586 1908 Brundisi
598 1878 664 1908 circ.
682 1879 716 1907 vi
728 1877 769 1907 K.
788 1877 865 1907 Mai.
885 1888 913 1907 a.
937 1887 992 1915 707
1012 1877 1091 1915 (47).

483 1948 651 1977 CICERO
676 1947 839 1977 ATTICO
866 1947 961 1978 SAL.

127 2016 217 2052 Non
240 2027 300 2051 me
327 2013 486 2052 offendit
506 2013 641 2050 veritas
668 2013 873 2050 litterarum
896 2020 1043 2049 tuarum
1065 2013 1169 2060 quod
1191 2025 1251 2050 me
1271 2025 1359 2049 cum
1379 2026 1395 2051 1

75 2078 344 2116 communibus
377 2085 458 2115 tum
496 2076 707 2126 praecipuis
747 2076 853 2113 malis
887 2088 1110 2124 oppressum
1144 2088 1192 2113 ne
1226 2075 1359 2124 incipis

121 2177 132 2196 1
158 2166 382 2206 spurcissime]
400 2167 457 2197 sed
475 2167 662 2205 parcissime
681 2166 713 2195 C.
730 2166 766 2196 F.
782 2166 954 2195 Hermann
1064 2175 1096 2194 11
1123 2170 1189 2194 tum
1209 2165 1363 2195 Graevius

75 2210 282 2248 desperatum
300 2210 337 2239 iri
354 2203 399 2237 ΖΙ)
416 2209 513 2240 Reid:
539 2209 743 2247 desperaturi
761 2209 805 2237 ita
823 2208 904 2237 Ml:
926 2209 1133 2246 desperatum
1149 2208 1192 2236 ita
1209 2206 1363 2237 Graevius

77 2262 113 2282 12
136 2252 306 2282 videbatur
329 2251 412 2281 Rez'd
435 2252 606 2282 Graevius:
638 2251 831 2280 videbantur
848 2251 899 2279 M:
931 2251 1119 2279 videbamur
1134 2250 1154 2278 I
1325 2261 1359 2289 17

75 2294 163 2334 cum]
182 2305 268 2324 nunc
284 2295 408 2324 Miiller
522 2295 558 2323 18
581 2294 728 2332 queritur
745 2293 899 2332 Madvig:
923 2297 1117 2330 quereretur
1132 2292 1216 2323 codd.
1237 2292 1360 2322 Wesen-

73 2336 146 2376 betg
261 2346 298 2366 21
319 2341 394 2376 post
409 2337 558 2366 omnibus
575 2335 648 2366 add.
669 2336 765 2365 rebus
785 2333 966 2373 Wesenberg
1071 2344 1110 2371 24
1135 2335 1234 2364 nolim
1251 2336 1336 2374 vulg.
1352 2346 1358 2366 ε

73 2380 170 2410 velim
188 2378 272 2410 codd.
288 2391 293 2411 :
319 2379 417 2409 velim
434 2389 474 2408 ne
491 2379 567 2409 com'.
586 2378 714 2408 Baiter:
739 2378 836 2407 velim
853 2377 1016 2407 neminem
1034 2376 1096 2407 cod.
1111 2377 1314 2407 Balliolensis

1217 2418 1276 2450 25*
