1690 2710
151 124 258 160 XVI.
274 123 304 158 ii
637 123 693 158 M.
723 122 887 158 TVLLI
917 120 1216 159 CICERONIS

334 232 394 269 De
421 229 585 267 Publilio
613 236 753 274 autem,
781 229 888 277 quod
912 228 1093 276 perscribi
1121 235 1281 276 oportet,
1313 241 1457 265 moram
1487 241 1567 265 non

279 300 374 342 puto
405 306 487 331 esse
517 292 741 330 faciendam.
800 292 876 328 Sed
906 304 993 328 cum
1026 291 1156 328 videas
1189 298 1375 340 quantum
1407 293 1456 329 de
1488 290 1568 328 iure

281 364 412 394 nostro
432 355 707 393 decesserimus
727 353 792 403 qui
819 355 867 391 de
894 353 1053 391 residuis
1074 366 1172 391 cccc
1194 355 1262 391 HS
1283 353 1330 391 'c-(t
1355 353 1568 403 praesentia

281 419 514 464 solverimus,
537 418 681 466 reliqua
708 417 969 462 rescribamus,
992 417 1097 466 loqui
1126 431 1214 454 cum
1243 430 1300 463 eo,
1323 417 1352 454 si
1381 416 1449 454 tibi
1468 416 1569 454 vide-

281 482 393 527 bitur,
422 481 560 530 poteris
587 493 674 518 eum
701 481 951 517 commodum
976 488 1147 517 nostrum
1173 487 1390 528 exspectare
1415 480 1566 525 debere,
1586 495 1604 527 5

239 558 265 585 2
283 558 371 582 cum
400 551 505 581 tanta
532 543 578 581 sit
606 557 628 580 a
656 543 767 580 nobis
796 542 938 579 iactura
965 544 1063 579 facta
1092 542 1189 580 iuriS.
1248 544 1323 580 Sed
1351 543 1490 580 amabo
1519 550 1567 588 te,

283 607 334 644 mi
366 607 501 652 Attice,
534 606 707 656 (videsne
741 619 855 654 quam
890 605 1030 642 blande
1043 606 1085 653 ?),
1115 606 1244 643 omnia
1272 613 1409 650 nostra,
1441 606 1570 654 quoad

282 670 353 709 eris
393 672 551 716 Romae,
591 669 642 706 ita
677 668 806 717 gerito,
846 668 977 716 regito,
1013 669 1224 717 gubernato
1254 676 1295 706 ut
1329 668 1422 706 nihil
1454 682 1477 706 a
1508 682 1570 706 me

283 741 488 782 exspectes.
547 733 792 780 Quamquam
829 730 932 768 enim
964 731 1109 779 reliqua
1146 731 1234 769 satis
1271 739 1360 780 apta
1396 739 1484 769 sunt
1519 732 1570 769 ad

284 797 524 842 solvendum,
537 803 663 832 tamen
681 795 722 831 fit
742 807 855 842 saepe
874 801 915 831 ut
935 793 959 830 ii
975 793 1039 842 qui
1056 795 1199 832 debent
1215 808 1293 832 non
1313 796 1570 844 respondeant
1590 812 1628 834 10

284 861 334 897 ad
363 866 523 907 tempus.
581 858 620 896 Si
648 857 741 906 quid
769 857 849 894 eius
879 856 984 895 modi
1012 857 1201 904 acciderit,
1227 872 1275 896 ne
1303 858 1397 907 quid
1427 858 1495 896 tibi
1523 858 1571 896 sit

285 924 387 960 fama
410 935 495 960 mea
522 920 659 970 potius.
718 922 807 957 Non
834 921 951 958 modo
977 934 1127 957 versura
1152 934 1282 957 verum
1307 921 1421 959 etiam
1444 921 1572 959 vendi-

286 985 403 1032 tione,
424 985 454 1022 si
474 984 525 1022 ita
544 997 601 1022 res
621 990 741 1032 coget,
764 996 834 1020 nos
853 982 1074 1020 vindicabis.

242 1059 268 1096 3
341 1050 458 1085 Bruto
489 1055 575 1085 tuae
606 1046 750 1084 litterae
779 1053 905 1095 gratae
929 1053 1044 1083 erant.
1102 1046 1172 1084 Fui
1203 1046 1305 1084 enim
1329 1049 1433 1096 apud
1463 1047 1569 1085 illum

286 1112 424 1148 multas
445 1112 555 1148 horas
575 1109 613 1146 in
630 1109 784 1155 Neside,
800 1122 887 1146 cum
903 1110 1018 1157 paulo
1037 1116 1125 1146 ante
1145 1117 1228 1147 tuas
1248 1109 1388 1148 litteras
1407 1110 1572 1160 accepis-
1591 1128 1627 1160 15

286 1187 377 1211 sem.
437 1172 626 1211 Delectari
655 1171 748 1209 mihi
776 1173 900 1209 Tereo
927 1171 1126 1210 videbatur
1153 1180 1190 1210 et
1219 1173 1360 1211 habere
1388 1173 1570 1211 maiorem

286 1236 408 1274 Accio
423 1249 538 1285 quam
552 1234 723 1272 Antonio
738 1234 904 1282 gratiam.
946 1234 1044 1271 Mihi
1063 1242 1190 1272 autem
1209 1249 1280 1283 quo
1298 1236 1453 1274 laetiora
1472 1244 1570 1283 sunt,

287 1313 334 1338 eo
354 1301 439 1348 plus
459 1297 646 1336 stomachi
661 1304 698 1335 et
713 1296 909 1335 molestiae
924 1304 980 1334 est
999 1299 1183 1346 populum
1202 1300 1421 1336 Romanum
1438 1313 1573 1337 manus

289 1375 376 1400 suas
404 1374 482 1399 non
508 1360 546 1397 in
572 1361 816 1398 defendenda
841 1373 879 1396 re
904 1359 1058 1408 publica
1083 1361 1150 1397 sed
1176 1360 1214 1397 in
1240 1363 1460 1410 plaudendo
1485 1376 1582 1400 con—¹

290 1438 448 1462 sumere.
525 1422 624 1460 Mihi
661 1422 817 1471 quidem
854 1421 1029 1459 videntur
1066 1422 1224 1460 istorum
1260 1423 1378 1461 animi
1418 1425 1572 1464 incendi
1591 1441 1631 1463 20

290 1489 405 1526 etiarn
424 1488 474 1525 ad
494 1486 851 1536 repraesentandam
871 1484 1154 1534 improbitatem
1175 1500 1292 1524 suam.
1349 1489 1425 1525 Sed
1445 1496 1573 1527 tamen

429 1550 542 1587 ‘dum
563 1549 680 1586 modo
699 1549 855 1586 doleant
874 1547 1028 1596 aliquid,
1051 1549 1206 1586 doleant
1226 1549 1435 1598 quidlibet!

246 1623 274 1661 4
346 1612 559 1652 Consilium
593 1624 721 1648 meum
758 1611 863 1659 quod
900 1610 955 1647 ais
992 1611 1132 1649 cotidie
1171 1612 1288 1661 magis
1320 1613 1463 1651 laudari
1495 1627 1574 1652 non

292 1678 451 1714 moleste
471 1677 549 1713 fero
569 1674 915 1722 exspectabamque
935 1673 966 1710 si
987 1673 1079 1722 quid
1101 1675 1148 1712 de
1168 1687 1215 1712 eo
1234 1675 1284 1712 ad
1303 1688 1364 1713 me
1378 1676 1571 1715 scriberes.

292 1741 376 1788 Ego
413 1738 516 1776 enim
553 1738 591 1775 in
627 1736 749 1774 varios
787 1749 982 1774 sermones
1019 1736 1246 1774 incidebam.
1322 1738 1427 1785 Quin
1459 1739 1573 1777 etiarn
1592 1752 1631 1784 25

264 1795 268 1797 Ἴ
292 1802 434 1840 idcirco
454 1801 651 1838 trahebam
675 1807 716 1837 ut
742 1812 857 1848 quam
881 1798 1092 1836 diutissime
1119 1799 1305 1848 integrum
1333 1808 1441 1839 esset.
1498 1803 1574 1840 Sed

292 1864 474 1915 quoniam
504 1863 649 1901 furcilla
676 1862 922 1908 extrudimur,
949 1861 1193 1899 Brundisium
1223 1863 1358 1912 cogito.
1416 1864 1576 1902 Facilior

293 1927 395 1966 enim
425 1934 462 1964 et
489 1925 716 1976 exploratior
743 1924 926 1962 devitatio
954 1923 1144 1973 legionum
1178 1926 1257 1963 fore
1285 1926 1433 1964 videtur
1461 1941 1575 1976 quam

293 1991 497 2042 piratarum
526 1990 591 2039 qui
619 2002 800 2039 apparere
829 1988 1015 2026 dicuntur.

345 2054 489 2093 Sestius
526 2066 566 2091 vl
605 2054 698 2091 Idus
735 2052 1023 2101 exspectabatur
1059 2053 1126 2089 sed
1163 2066 1241 2090 non
1273 2061 1435 2100 venerat,
1470 2055 1575 2104 quod
1594 2068 1635 2099 30

295 2117 422 2155 sciam.
481 2116 634 2156 Cassius
655 2129 742 2153 cum
762 2115 959 2153 classicula
977 2128 1045 2152 sua
1064 2123 1225 2153 venerat.
1284 2118 1366 2165 Ego
1385 2131 1472 2155 cum
1488 2131 1576 2156 eum

295 2180 485 2226 vidissem,
501 2191 525 2216 v
546 2181 602 2218 Id.
622 2179 660 2217 in
677 2177 954 2227 Pompeianum
973 2176 1198 2226 cogitabam,
1216 2178 1305 2217 inde
1325 2182 1574 2218 Aeculanum.

339 2291 358 2319 3
380 2281 436 2319 qui
453 2281 492 2310 de
509 2280 649 2311 residuis
662 2278 752 2308 Man.
772 2290 778 2308 z
800 2278 878 2316 quid
895 2287 968 2307 eres
986 2276 1025 2306 M
1132 2287 1167 2316 17
1191 2289 1255 2317 quo
1271 2279 1344 2311 add.
1358 2281 1441 2320 vulg.
1511 2281 1513 2283 ’
1541 2291 1579 2321 19

298 2323 484 2362 plaudendo
503 2316 566 2352 CZl
581 2332 608 2352 v.
623 2332 645 2352 c.
663 2321 691 2350 L
710 2322 843 2360 gumtg.)
861 2331 866 2349 :
889 2319 1051 2349 laudando
1067 2322 1119 2349 ΣΔ
1562 2330 1571 2333 ⁷
