1590 2730
547 646 712 683 LIBER
742 646 987 684 DECIMVS

530 763 628 808 AD
672 762 999 809 ATTICVM

161 891 185 926 Ῑ
270 893 338 925 Scr.
354 893 388 923 in
404 893 528 923 Laterio
545 892 660 931 Quinti
662 892 782 931 fratris
797 893 833 922 iii
844 892 929 923 Non.
950 893 1032 933 Apr.
1050 904 1079 924 a.
1101 904 1154 933 705
1172 894 1255 934 (49).

523 977 691 1008 CICERO
715 978 883 1008 ATTICO
909 979 1001 1009 SAL.

173 1067 218 1092 111
239 1056 372 1092 Nonas
388 1067 476 1091 cum
496 1053 535 1090 in
551 1053 744 1091 Laterium
764 1054 884 1091 fratris
899 1054 1097 1101 venissem,
1113 1055 1242 1104 accepi
1262 1055 1402 1093 litteras
1420 1066 1436 1092 1

121 1124 206 1156 tuas
233 1125 271 1156 et
298 1118 455 1166 paulum
483 1117 670 1165 respiravi,
702 1118 807 1165 quod
838 1125 924 1166 post
953 1119 1020 1155 has
1049 1118 1174 1155 ruinas
1204 1119 1296 1156 mihi
1324 1133 1402 1157 non

84 1195 102 1225 5
121 1181 320 1220 acciderat.
370 1183 441 1218 Per
461 1181 562 1218 enim
583 1181 710 1229 magni
729 1181 890 1218 aestimo
906 1181 974 1218 tibi
995 1182 1265 1219 firmitudinem
1286 1182 1402 1219 animi
1425 1211 1432 1219 .

121 1245 239 1283 nostri
265 1253 302 1283 et
322 1246 463 1282 factum
484 1252 655 1281 nostrum
676 1244 836 1293 probari.
894 1246 1007 1282 Sexto
1027 1245 1128 1282 enim
1150 1253 1278 1283 nostro
1298 1247 1402 1294 quod

121 1308 252 1346 scribis
272 1307 433 1357 probari,
456 1307 508 1344 ita
526 1309 644 1344 laetor
664 1315 704 1344 ut
725 1321 785 1345 me
806 1307 913 1356 quasi
933 1307 1047 1356 patris
1068 1308 1158 1353 eius,
1173 1308 1233 1345 cui
1254 1322 1403 1357 semper

120 1371 186 1408 uni
205 1371 410 1420 plurimum
431 1370 554 1415 tribui,
577 1370 719 1408 iudicio
740 1371 979 1418 comprobari
999 1379 1140 1419 putem.
1199 1371 1276 1418 Qui
1297 1371 1402 1417 mihi,

120 1436 225 1483 quod
246 1448 358 1484 saepe
379 1437 484 1473 soleo
505 1434 702 1479 recordari,
722 1434 813 1471 dixit
835 1434 925 1470 olim
946 1434 1070 1471 Nonis
1091 1434 1161 1471 illis
1184 1435 1403 1472 Decembri-

64 1510 102 1532 10
119 1492 201 1544 bus,
224 1512 312 1536 cum
333 1512 403 1547 ego
427 1501 567 1543 ‘Sexte‚
591 1498 775 1546 quidnam
796 1499 932 1545 erg0?'

196 1579 260 1627 qu
278 1581 350 1628 μάν
370 1579 493 1628 inquit
513 1579 575 1616 ille
595 1579 754 1615 ἀσπουδί
769 1595 810 1629 ’γε
831 1578 888 1614 καὶ
908 1580 1056 1617 ἀκλειῶς
1077 1576 1323 1629 [ἀπολοίμην],

196 1645 296 1680 ἀλλὰ
313 1645 408 1694 μέγα
426 1645 530 1692 ῥέξας
547 1660 580 1680 τι
601 1643 657 1679 καὶ
678 1643 910 1690 ἐσσομένοισι
928 1642 1118 1679 πιθέσθαι.

118 1722 210 1760 Eius
241 1723 351 1772 igitur
385 1723 477 1760 mihi
509 1723 599 1760 vivit
631 1722 834 1760 auctoritas
872 1729 909 1759 et
942 1722 1153 1758 simillimus
1191 1722 1270 1759 eius
1304 1722 1400 1759 filius

57 1780 61 1784 ⁸
117 1787 254 1824 eodem
274 1794 330 1825 est
357 1789 460 1835 apud
490 1801 551 1825 me
576 1788 747 1835 pondere
773 1800 850 1834 quo
876 1785 945 1822 fuit
969 1785 1044 1822 ille.
1103 1786 1229 1832 Quem
1259 1787 1400 1823 salvere

61 1861 98 1893 15
116 1849 229 1887 velim
252 1850 383 1888 iubeas
406 1850 621 1899 plurimum.

168 1914 229 1949 Tu
245 1921 352 1950 tuum
372 1914 574 1951 consilium
594 1914 663 1951 etsi
684 1927 762 1951 non
782 1913 819 1950 in
840 1913 1091 1961 longinquum
1107 1918 1255 1960 ternpus
1271 1911 1396 1949 differs
1415 1924 1438 1951 2

117 1975 207 2025 (iam
227 1976 329 2014 enim
350 1976 456 2014 illum
476 1984 648 2026 emptum
669 1976 949 2026 pacificatorem
977 1988 1170 2024 perorasse
1197 1982 1299 2023 puto,
1322 1974 1396 2011 iam

114 2047 242 2076 actum
268 2040 413 2089 aliquid
439 2053 521 2078 esse
550 2040 589 2077 in
618 2053 799 2078 consessu
829 2047 1070 2084 senatorum3
1102 2044 1269 2074 senatum
1295 2037 1395 2074 enim

114 2115 193 2139 non
212 2103 333 2153 puto),
356 2111 484 2141 tamen
504 2117 731 2152 suspensum
753 2105 919 2140 am‘mnm
941 2115 1068 2139 meum
1089 2101 1247 2146 detines,
1265 2102 1331 2138 Sed
1352 2113 1398 2138 eo

155 2214 174 2241 4
198 2208 270 2234 tuas
287 2203 358 2234 add.
377 2203 558 2243 Wesenletg
636 2207 711 2243 post
725 2203 856 2242 paulurn
875 2202 947 2232 add.
965 2202 1057 2231 lectis
1069 2201 1153 2232 Crat.
1169 2197 1211 2230 Z⁷¹
1224 2201 1250 2230 L
1264 2202 1397 2240 (marg.)

116 2256 149 2275 11
175 2245 348 2284 ἀπολοίμην
365 2246 437 2276 add.
456 2246 477 2275 I
489 2247 678 2275 Ascensins:
712 2256 776 2275 om.
794 2245 898 2273 MRP
998 2245 1035 2272 18
1058 2249 1209 2273 senatum
1227 2243 1313 2273 enim
1330 2253 1397 2272 non

115 2288 285 2320 Graevius:
310 2299 376 2318 non
394 2290 481 2318 enim
498 2288 583 2319 codd.
699 2298 736 2326 19
759 2289 901 2317 animum
918 2296 1023 2315 meum
1042 2286 1170 2315 detines
1185 2286 1258 2315 coni.
1276 2285 1397 2314 Wesen-

114 2329 203 2370 betg:
236 2341 342 2360 meum
371 2331 551 2364 detite‘snes
580 2329 691 2359 codd:
723 2340 774 2359 me
801 2330 876 2358 inde
903 2333 998 2358 tenes
1021 2327 1156 2358 Rosius:
1191 2338 1242 2357 me
1269 2328 1397 2357 detines

113 2372 152 2402 I:
179 2383 285 2402 meum
302 2372 348 2403 ad
360 2373 531 2402 consilium
550 2373 583 2411 [l.
605 2374 655 2411 16)
675 2371 870 2410 reserendmn
889 2374 986 2400 censet
1000 2369 1082 2399 Reid
