1590 2730
61 130 130 166 XI.
153 129 197 165 xi
507 130 561 167 M.
592 130 754 167 TVLLI
786 130 1080 169 CICERONIS

157 238 231 274 hoc
268 237 403 284 minus,
437 239 542 286 quod
577 251 633 275 res
664 239 767 274 nulla
797 245 852 274 est
896 250 994 285 quae
1032 236 1233 274 scribenda
1263 236 1319 282 sit,
1351 250 1439 274 cum

157 300 374 348 praesertim
395 314 442 338 ne
462 314 548 349 spes
568 300 723 349 quidem
745 302 819 337 ulla
839 301 1060 337 ostendatur
1079 301 1158 336 fore
1179 299 1322 336 melius
1381 301 1439 336 Ita

157 364 231 401 iam
259 378 306 401 ne
339 371 421 401 tuas
455 364 609 412 quidem
640 363 779 401 litteras
809 371 996 412 exspecto,
1025 375 1258 411 quamquam
1292 375 1440 410 semper

155 427 259 464 aliud
288 428 463 464 adferunt
495 428 599 475 quod
630 426 753 463 velim.
825 428 912 473 Qua
944 439 983 463 re
1013 433 1053 463 tu
1085 425 1241 474 quidem
1271 424 1436 471 scribito,

156 504 243 528 cum
277 490 344 528 erit
375 490 464 538 quoi
498 492 575 527 des.
635 491 717 538 Ego
750 489 822 526 tuis
853 488 1043 537 proximis,
1077 501 1171 537 quas
1204 496 1333 525 tamen
1363 487 1437 525 iarn
1462 502 1473 510 ·

157 553 303 602 pridem
335 553 475 601 accepi,
509 552 601 589 nihil
633 553 757 589 habeo
790 553 895 600 quod
925 551 1152 597 rescribam3
1191 553 1306 600 longo
1336 551 1436 588 enim

157 617 352 654 intervallo
372 616 484 654 video
510 616 709 653 immutata
728 628 809 653 esse
833 615 962 652 omnia
976 629 985 661 3
1013 615 1075 652 illa
1100 628 1182 653 esse
1206 612 1315 652 firma’
1341 628 1438 663 quae

158 681 334 725 debeant,
350 693 419 716 nos
440 679 619 716 stultitiae
640 686 790 716 nostrae
809 678 1045 727 gravissimas
1066 692 1209 726 poenas
1229 679 1405 727 pendere.

117 749 140 774 2
212 745 249 779 P.
273 741 450 779 Sallustio
478 743 646 779 curanda
678 748 765 778 sunt
798 743 875 779 HS.
911 742 998 777 ἷζῖῶἱ
1029 755 1127 789 quae
1157 738 1336 790 accepia
1365 742 1435 779 Cn.

158 804 343 842 Sallustio.
401 804 526 841 Velim
547 804 675 841 videas
699 811 739 840 ut
765 803 845 841 sine
872 817 977 841 mora
999 811 1186 841 curentur.
1245 806 1304 841 De
1330 817 1375 841 ea
1400 816 1438 840 re

156 867 286 916 scripsi
316 868 365 904 ad
395 866 624 904 Terentiam.
683 868 811 914 Atque
842 868 915 904 hoc
944 866 1068 915 ipsum
1099 866 1174 903 iam
1205 880 1323 916 prope
1351 879 1438 903 con-

156 937 350 978 sumptum
377 936 443 967 est.
503 930 590 976 Qua
613 942 651 966 re
675 929 714 966 id
739 942 892 977 quoque
912 929 1024 966 velim
1047 943 1133 966 cum
1154 929 1217 966 illa
1235 929 1375 975 videas,
1398 936 1439 966 ut

157 993 202 1029 sit
231 993 295 1041 qui
325 1000 484 1029 utamur.
544 992 621 1029 Hic
652 994 807 1029 fortasse
827 1000 960 1041 potero
981 1006 1138 1039 sumere,
1162 993 1193 1030 si
1213 993 1328 1030 sciam
1355 992 1438 1030 istic

157 1063 327 1104 paratum
357 1056 462 1099 fore;
491 1057 572 1099 sed,
591 1055 693 1104 prius
717 1068 832 1104 quam
859 1055 898 1093 id
926 1055 1069 1102 scirem,
1093 1056 1186 1093 nihil
1213 1070 1297 1093 sum
1324 1069 1438 1093 ausus

156 1131 314 1156 sumere.
383 1118 459 1165 Qui
507 1118 554 1155 sit
599 1118 771 1155 omnium
818 1132 941 1156 rerum
988 1127 1106 1156 status
1153 1126 1280 1156 noster
1320 1118 1436 1156 vides.

157 1181 261 1218 Nihil
282 1189 337 1218 est
359 1181 445 1218 mali
466 1183 569 1230 quod
597 1195 674 1219 non
698 1189 735 1219 et
761 1182 967 1220 sustineam
992 1190 1028 1220 et
1054 1190 1280 1230 exspectem.
1339 1184 1440 1229 Qua—

156 1257 237 1280 rum
267 1258 390 1281 rerum
420 1258 465 1281 eo
491 1244 636 1292 gravior
661 1252 717 1282 est
746 1246 855 1282 dolor
881 1258 958 1293 quo
984 1247 1095 1293 culpa
1115 1245 1243 1282 maior.
1302 1245 1371 1282 Ille
1399 1244 1438 1281 in

156 1307 302 1344 Achaia
321 1320 397 1344 non
419 1315 540 1344 cessat
560 1308 608 1344 de
628 1306 739 1344 nobis
766 1308 973 1345 detrahere.
1031 1307 1136 1344 Nihil
1156 1306 1332 1344 videlicet
1352 1314 1438 1344 tuae

155 1370 299 1407 litterae
319 1371 568 1418 profecerunt.
626 1372 731 1407 Vale.
790 1382 861 1406 vm
886 1372 977 1408 Idus
1000 1372 1110 1407 Mart.

196 1536 284 1570 XII
443 1540 508 1569 Ser.
529 1539 687 1569 Brundisi
701 1541 756 1570 viii
768 1540 814 1570 Id.
836 1539 932 1570 Men-r.
950 1551 977 1571 a.
1000 1551 1056 1579 707
1075 1541 1155 1581 (47).

552 1631 722 1662 CICERO
746 1631 911 1661 ATTICO
937 1631 1031 1661 SAL.

124 1728 140 1754 1
209 1716 396 1765 Cephalio
426 1716 519 1753 mihi
547 1729 569 1753 a
594 1724 631 1754 te
660 1716 800 1753 litteras
830 1717 995 1754 reddidit
1018 1730 1049 1754 a.
1073 1718 1109 1754 d.
1133 1729 1204 1754 V111
1236 1718 1294 1754 Id.
1324 1719 1435 1754 Mart.

156 1794 320 1829 vespere.
380 1781 438 1817 Eo
467 1787 593 1816 autem
615 1780 676 1817 die
698 1793 810 1817 mane
832 1780 1046 1817 tabellarios
1067 1780 1241 1817 miseram
1260 1794 1270 1826 ;
1299 1780 1437 1828 quibus

154 1845 203 1881 ad
237 1852 272 1880 te
306 1845 485 1881 dederam
517 1843 666 1881 litteras.
726 1844 819 1881 Tuis
853 1852 980 1881 tamen
1013 1844 1119 1881 lectis
1150 1843 1280 1881 litteris
1310 1844 1436 1891 putavi

155 1907 228 1944 iam
248 1906 392 1955 aliquid
413 1907 697 1944 rescribendum
720 1921 802 1945 esse
826 1921 869 1944 ea
896 1921 933 1944 re
960 1906 1122 1944 maxime
1143 1908 1247 1955 quod
1268 1907 1437 1944 ostendis
1461 1921 1472 1941 2

155 1978 190 2006 te
211 1971 377 2017 pendere
395 1969 512 2006 animi
536 1983 741 2018 quamnam
763 1970 947 2007 rationem
975 1970 1044 2007 sim
1070 1970 1221 2008 Caesari
1244 1971 1438 2007 adlaturus

154 2032 398 2080 profectionis
433 2046 539 2070 meae
573 2041 653 2070 tum
688 2047 775 2070 cum
807 2047 851 2070 ex
886 2025 1273 2071 Italia-discesserim.
1332 2033 1437 2070 Nihil

154 2108 250 2143 opus
279 2103 334 2132 est
364 2095 455 2132 mihi
484 2109 582 2133 nova
610 2096 765 2133 ratione.
822 2098 943 2144 Saepe
973 2097 1074 2133 enim
1104 2098 1153 2134 ad
1187 2110 1274 2134 eum
1307 2095 1437 2144 scripsi

201 2209 213 2227 1
239 2197 317 2237 hoc]
343 2208 428 2228 nunc
452 2199 513 2227 hoc
537 2199 611 2228 coni.
633 2198 830 2237 Wesenbmg:
857 2199 906 2235 so]
916 2202 935 2229 t.
955 2199 1016 2228 iam
1041 2200 1091 2231 (ex
1106 2198 1125 2228 l.
1144 2199 1178 2236 3)
1196 2198 1257 2228 huc
1271 2202 1436 2237 transpon-

154 2241 273 2270 endum
404 2251 419 2278 7
444 2245 564 2270 mutata
585 2240 629 2269 W
743 2242 762 2270 8
787 2241 904 2270 debent
921 2241 968 2270 vel
982 2241 1144 2270 debebant
1162 2241 1234 2272 com'.
1258 2241 1440 2280 lVesenberg

155 2293 194 2321 23
219 2283 347 2321 vesperi
368 2281 551 2321 IVesenbetg
676 2292 716 2320 25
740 2292 779 2312 ea
795 2293 830 2312 re
851 2282 910 2312 II':
936 2293 975 2312 eo
991 2282 1066 2312 M2:
1089 2293 1152 2312 om.
1173 2282 1222 2312 M1
