1690 2710
550 132 659 168 EPP.
692 133 766 168 AI)
794 133 1046 170 ATTICVM
1346 136 1453 171 XVI.
1472 135 1546 170 xvi
1562 145 1584 171 c

156 237 382 288 intellegam,
405 252 466 277 me
484 253 506 277 a
526 246 563 277 te
582 240 744 276 multum
767 239 894 276 amari.
953 240 1174 279 Buthrotios
1194 254 1282 278 curn
1303 243 1442 280 Caesar
1460 253 1494 279 11

154 303 309 340 decreto
343 315 413 340 suo
445 304 551 351 quod
581 315 652 350 ego
685 302 882 350 obsignavi
914 316 1002 340 cum
1037 304 1164 341 multis
1197 304 1441 354 amplissimis

153 364 239 402 viris
268 365 500 403 liberavisset
523 365 829 414 ostendissetque
856 366 967 404 nobis
994 380 1047 413 se,
1066 381 1154 404 cum
1180 367 1313 416 agrarii
1340 382 1442 406 mare

153 428 384 475 transissent,
406 428 545 466 litteras
572 428 774 466 missurum
794 442 908 478 quem
936 429 974 466 in
999 443 1130 479 agrum
1150 432 1441 478 deducerentur,

116 505 132 536 5
151 491 290 529 accidit
318 499 359 529 ut
388 491 515 529 subito
546 491 609 529 ille
641 491 817 529 interiret.
880 492 1031 531 Deinde
1060 507 1175 542 quem
1203 495 1253 532 ad
1282 495 1440 532 modum

152 561 192 591 tu
212 553 285 591 scis
306 554 524 603 (interfuisti
544 553 676 604 enim),
696 568 784 592 cum
808 557 984 593 consules
1011 564 1201 604 oporteret
1221 570 1265 595 ex
1288 565 1441 596 senatus

150 618 327 655 consulto
346 618 394 655 de
413 616 506 664 actis
528 616 700 656 Caesaris
720 630 961 666 cognoscere,
979 631 1036 656 res
1055 619 1104 656 ab
1124 618 1169 656 iis
1189 619 1227 656 in
1250 621 1334 657 Kal.
1355 622 1438 658 Iun.

151 679 267 719 dilata
289 688 356 718 est.
414 680 586 718 Accessit
605 682 655 719 ad
675 688 828 718 senatus
855 683 1072 719 consultum
1094 684 1153 720 lex
1173 696 1270 732 quae
1290 685 1365 721 lata
1385 691 1441 721 est

150 757 182 781 a.
213 745 248 782 d.
276 756 336 780 1111
365 745 465 781 Non.
491 742 626 795 [Iun.],
650 757 747 793 quae
780 746 839 782 lex
867 758 996 782 earum
1026 759 1148 783 rerum
1178 759 1272 794 quas
1302 748 1441 786 Caesar

94 820 132 842 10
150 807 352 851 statuisset,
370 807 608 853 decrevisset,
631 808 777 856 egisset,
800 808 1022 846 consulibus
1042 809 1300 858 cognitionem
1321 810 1437 849 dedit.

151 871 277 909 Causa
314 870 600 908 Buthrotiorum
638 872 763 908 delata
802 879 858 909 est
894 873 944 910 ad
983 874 1168 910 consules.
1233 876 1439 911 Decretum

150 933 322 972 Caesaris
355 933 552 971 recitatum
586 941 643 971 est
675 941 712 971 et
746 935 854 972 multi
888 942 1080 984 praeterea
1117 936 1233 974 libelli
1268 937 1439 976 Caesaris

148 996 293 1045 prolati.
352 998 539 1035 Consules
569 998 617 1035 de
647 997 781 1034 consili
812 998 1000 1036 sententia
1032 1000 1281 1037 decreverunt
1309 1013 1440 1038 secun-

147 1061 241 1097 dum
263 1059 484 1098 Buthrotios
511 1090 517 1097 .
542 1090 548 1097 .
572 1090 578 1097 .
604 1062 788 1098 Plancum
809 1062 1007 1099 dederunt.
1066 1064 1190 1109 Nunc,
1214 1063 1266 1100 mi
1287 1063 1435 1112 Capito,
1457 1074 1499 1102 12

93 1135 129 1166 15
148 1123 244 1172 (scio
270 1123 373 1160 enim
396 1131 582 1172 quantum
612 1137 761 1173 semper
786 1126 888 1172 apud
913 1138 977 1162 eos
998 1125 1227 1174 quibuscum
1255 1126 1303 1163 sis
1328 1140 1439 1175 posse

147 1187 279 1231 soleas,
308 1199 354 1223 eo
383 1187 467 1235 plus
495 1188 598 1235 apud
627 1187 823 1225 hominem
853 1188 1073 1225 facillimum
1106 1196 1221 1238 atque
1250 1190 1440 1227 humanis-

147 1248 287 1286 simum
309 1249 521 1298 Plancum),
541 1249 692 1294 enitere,
712 1250 865 1287 elabora
884 1252 941 1288 vel
962 1251 1089 1299 potius
1109 1252 1315 1299 eblandire,
1333 1253 1439 1290 effice

147 1320 187 1350 ut
222 1314 384 1350 Plancus
424 1326 538 1361 quem
578 1326 688 1362 spero
726 1313 914 1362 optimum
952 1328 1033 1352 esse
1072 1315 1118 1352 sit
1156 1315 1269 1353 etiarn
1309 1315 1441 1353 melior

147 1390 262 1425 opera
290 1384 364 1414 tua.
424 1376 595 1414 Omnino
626 1390 683 1414 res
714 1377 825 1414 huius
856 1377 960 1415 modi
990 1378 1082 1414 mihi
1112 1378 1260 1416 videtur
1288 1392 1369 1417 esse
1399 1386 1439 1416 ut

91 1452 130 1473 20
147 1439 228 1476 sine
247 1439 473 1488 cuiusquam
493 1439 610 1488 gratia
632 1441 793 1477 Plancus
816 1440 896 1489 ipse
916 1454 984 1489 pro
1005 1440 1158 1489 ingenio
1181 1449 1218 1479 et
1238 1443 1439 1490 prudentia

146 1516 214 1540 sua
242 1516 320 1540 non
349 1502 395 1540 sit
422 1502 663 1540 dubitaturus
692 1503 785 1551 quin
814 1504 1009 1541 decretum
1039 1506 1240 1541 consulum
1275 1518 1435 1553 quorum

146 1573 183 1603 et
216 1567 297 1615 lege
326 1574 362 1603 et
391 1574 543 1604 senatus
575 1568 751 1604 consulto
780 1566 946 1615 cognitio
979 1574 1016 1604 et
1045 1566 1228 1604 iudicium
1258 1567 1327 1605 fuit
1351 1582 1438 1606 con-

146 1636 277 1674 servet,
299 1629 517 1678 praesertim
547 1643 633 1666 cum
662 1630 735 1666 hoc
761 1642 898 1677 genere
924 1629 1185 1678 cognitionum
1210 1631 1438 1669 labefactato

145 1698 229 1728 acta
250 1691 421 1730 Caesaris
446 1692 483 1728 in
505 1692 665 1729 dubium
687 1699 845 1729 ventura
864 1692 1075 1738 videantur,
1095 1706 1193 1741 quae
1217 1706 1294 1729 non
1319 1695 1437 1731 modo

91 1766 127 1796 25
145 1754 169 1791 ii
186 1767 347 1802 quorum
368 1754 523 1792 interest
543 1756 610 1792 sed
630 1754 743 1792 etiam
764 1754 788 1791 ii
804 1754 868 1804 qui
889 1755 951 1792 illa
970 1768 1047 1792 non
1068 1756 1231 1804 probant
1251 1756 1302 1793 oti
1323 1769 1438 1794 causa

146 1818 360 1855 confirmari
380 1818 505 1855 velint.
565 1819 682 1865 Quod
709 1832 795 1855 cum
824 1818 875 1855 ita
901 1818 957 1863 sit,
981 1825 1108 1856 tamen
1134 1818 1289 1856 interest
1311 1827 1437 1857 nostra
1455 1827 1497 1862 13

147 1883 330 1918 Plancum
360 1882 434 1919 hoc
462 1881 591 1919 animo
618 1881 751 1919 libenti
778 1881 1001 1931 prolixoque
1030 1883 1152 1920 facere
1167 1897 1176 1928 3
1205 1883 1309 1931 quod
1335 1891 1436 1921 certe

145 1944 266 1990 faciet,
285 1945 314 1981 si
335 1952 375 1982 tu
395 1946 571 1983 nervulos
588 1952 673 1982 tuos
695 1944 787 1981 mihi
807 1958 920 1994 saepe
941 1945 1114 1994 cognitos
1134 1945 1436 1995 suavitatemque

146 2020 221 2055 qua
246 2021 360 2045 nemo
386 2007 454 2045 tibi
475 2021 540 2056 par
566 2015 622 2045 est
648 2007 876 2045 adhibueris
937 2010 1053 2055 Quod
1075 2016 1115 2046 ut
1136 2008 1249 2046 facias
1271 2016 1306 2046 te
1326 2010 1435 2047 vehe-

87 2082 127 2111 30
146 2077 292 2108 menter
311 2083 411 2118 rogo.

187 2181 207 2207 9
233 2170 302 2200 Iun.
319 2170 376 2201 del.
400 2170 582 2211 ll'esenbmg
703 2182 737 2209 14
762 2171 887 2202 litteras
911 2173 951 2201 ad
975 2176 1047 2202 aule
1071 2172 1226 2202 Plancum
1251 2172 1324 2202 add.
1343 2171 1432 2203 Mau.

145 2212 208 2242 coll.
231 2213 298 2248 ยง6:
323 2213 525 2250 cognitorem
546 2212 617 2244 add.
640 2213 753 2243 Orelli:
788 2214 944 2243 arbitrum
963 2218 1036 2252 pos!
1054 2214 1206 2244 Plancum
1225 2214 1298 2244 add.
1319 2214 1436 2244 Mz'iller

150 2264 186 2292 19
209 2254 284 2283 mihi
302 2254 398 2285 Rom.
418 2266 424 2284 z
447 2265 519 2285 mea
534 2255 573 2285 I:
595 2266 659 2286 om.
678 2256 774 2285 Klotz
