1590 2730
44 131 135 167 XII.
159 130 263 166 xviii
519 132 572 168 M.
603 132 766 168 TVLLI
797 133 1092 171 CICERONIS

160 246 255 277 tam.
311 239 386 275 Sed
413 238 541 276 omnia
568 246 607 275 ut
631 240 744 276 voles.
804 241 886 287 Ego
911 240 1014 277 enim
1037 242 1221 291 quicquid
1249 243 1381 282 feceris
1406 243 1447 282 id

164 314 252 338 cum
273 308 373 339 recte
393 309 474 339 tum
495 301 608 338 etiam
630 315 715 339 mea
734 315 849 340 causa
867 304 1009 341 factum
1029 306 1184 353 putabo.

205 450 359 485 XVIII
376 462 399 485 a
472 453 539 484 Ser.
560 453 702 484 Asturae
717 454 811 486 iiiId.
832 455 929 485 Mart.
948 466 976 486 a.
998 466 1054 495 709
1073 458 1152 496 (45).

553 539 721 570 CICERO
749 540 928 571 ATTICO
956 541 1059 572 SAL.

129 636 145 662 1
218 626 313 664 Heri
334 639 421 664 cum
442 639 486 663 ex
509 626 669 663 aliorum
696 626 827 663 litteris
855 627 1118 676 cognovissem
1145 630 1194 666 de
1214 627 1359 666 Antoni
1385 631 1449 667 ad·
1468 646 1484 678 5

163 698 289 736 ventu,
311 689 518 727 admiratus
546 702 629 725 sum
655 689 748 725 nihil
775 702 857 727 esse
884 690 922 726 in
952 690 1037 728 tuis.
1093 692 1169 729 Sed
1195 699 1300 729 erant
1326 691 1448 741 pridie

163 755 320 790 fortasse
340 752 500 800 scriptae
516 765 629 800 quam
647 754 767 789 datae.
818 754 955 801 Neque
976 753 1046 791 ista
1065 754 1221 802 quidem
1237 768 1328 792 curo
1343 769 1352 801 3
1380 756 1447 793 sed

164 823 292 854 tamen
314 816 448 864 opinor
468 823 622 864 propter
641 816 800 863 praedes
819 829 908 853 suos
928 817 1196 854 accucurrisse.

122 892 147 919 2
218 880 334 926 Quod
356 878 486 916 scribis
502 878 720 915 Terentiam
742 879 790 915 de
810 878 1117 927 obsignatoribus
1138 880 1211 917 mei
1233 880 1449 919 testamenti

163 942 279 991 loqui,
294 942 458 990 primum
478 941 546 978 tibi
566 936 751 990 persuade
772 955 833 979 me
853 941 968 979 istaec
988 955 1066 979 non
1082 955 1211 980 curare
1227 957 1351 992 neque
1367 957 1449 982 esse
1470 962 1506 984 10

163 1006 370 1055 quicquam
389 1012 453 1042 aut
474 1017 609 1053 parvae
630 1017 741 1042 curae
761 1012 825 1041 aut
845 1018 966 1042 novae
986 1005 1070 1042 loci.
1120 1007 1195 1043 Sed
1213 1013 1339 1043 tamen
1356 1007 1448 1055 quid

164 1069 317 1106 simile?
374 1070 444 1105 Illa
463 1081 528 1105 eos
550 1081 626 1104 non
647 1067 822 1105 adhibuit
843 1081 940 1117 quos
966 1068 1191 1105 existimavit
1212 1069 1449 1117 quaesituros

165 1132 236 1169 nisi
257 1132 415 1169 scissent
436 1131 528 1180 quid
548 1138 656 1168 esset.
717 1133 820 1168 Num
841 1131 880 1169 id
906 1131 1020 1168 etiam
1048 1131 1140 1168 mihi
1166 1132 1323 1180 periculi
1349 1132 1450 1170 fuit?

165 1197 241 1233 Sed
262 1202 388 1232 tamen
410 1194 520 1232 faciat
540 1194 603 1231 illa
623 1195 728 1242 quod
749 1207 829 1242 ego.
890 1195 1002 1232 Dabo
1023 1208 1150 1231 meum
1178 1202 1448 1234 testamentum

163 1260 367 1307 legendum
390 1258 450 1295 cui
470 1257 654 1303 voluerit3
682 1257 873 1306 intelleget
897 1270 975 1294 non
1002 1257 1171 1306 potuisse
1198 1259 1449 1297 honorificen-
1469 1276 1504 1308 15

164 1322 237 1359 tius
256 1335 278 1359 a
306 1335 366 1359 me
394 1320 472 1359 fieri
498 1322 547 1358 de
574 1328 713 1369 nepote
741 1334 856 1369 quam
886 1320 1051 1358 fecerim.
1108 1322 1208 1358 Nam
1235 1323 1340 1370 quod
1369 1335 1448 1360 non

162 1384 345 1423 advocavi
366 1386 414 1422 ad
435 1384 729 1433 obsignandum,
752 1383 916 1432 primum
944 1383 1037 1420 mihi
1064 1397 1141 1421 non
1162 1384 1264 1421 venit
1284 1385 1321 1421 in
1346 1399 1449 1423 rnen·

163 1456 250 1494 tem,
274 1448 415 1486 deinde
435 1461 478 1485 ea
499 1461 537 1485 re
558 1460 636 1485 non
656 1447 769 1492 venit,
792 1447 881 1495 quia
901 1446 994 1483 nihil
1014 1447 1178 1484 attinuit.
1234 1450 1335 1486 Tute
1361 1449 1445 1495 scis,

162 1512 193 1549 si
220 1513 337 1549 modo
365 1510 581 1556 meministi,
604 1523 665 1547 me
692 1509 759 1547 tibi
787 1517 866 1546 tum
894 1509 1032 1546 dixisse
1058 1517 1099 1546 ut
1126 1511 1174 1547 de
1201 1510 1274 1547 tuis
1299 1511 1448 1559 aliquos

161 1576 383 1612 adduceres.
440 1573 546 1621 Quid
566 1572 668 1610 enim
689 1586 785 1620 opus
806 1579 884 1609 erat
905 1571 1060 1608 multis?
1107 1572 1297 1620 Equidem
1319 1575 1448 1611 dome·
1467 1590 1508 1613 20

163 1637 277 1674 sticos
307 1636 499 1674 iusseram.
558 1637 659 1672 Tum
687 1634 754 1671 tibi
781 1634 923 1682 placuit
949 1641 990 1671 ut
1017 1634 1205 1672 mitterem
1231 1637 1280 1673 ad
1301 1636 1445 1674 Silium.

165 1701 262 1737 Inde
283 1707 339 1737 est
360 1707 490 1736 natum
511 1705 552 1735 ut
571 1699 620 1735 ad
642 1697 872 1743 Publilium3
901 1698 969 1734 sed
988 1710 1144 1735 necesse
1169 1705 1346 1736 neutrum
1365 1699 1445 1737 fuit.

166 1765 255 1800 Hoc
276 1770 315 1800 tu
336 1761 514 1800 tractabis
535 1768 575 1798 ut
596 1760 663 1797 tibi
684 1760 883 1798 videbitur.

202 1910 312 1945 XIX
434 1913 500 1944 Ser.
521 1913 662 1943 Asturae
672 1912 756 1951 prid.
775 1912 823 1943 Id.
844 1910 941 1941 Mart.
962 1921 990 1942 a.
1014 1922 1071 1951 709
1089 1910 1167 1951 (45).

552 1998 720 2028 CICERO
749 1996 930 2027 ATTICO
958 1996 1062 2027 SAL.
1468 2005 1505 2038 25

130 2096 148 2124 1
218 2087 285 2122 Est
306 2085 366 2123 hic
381 2085 536 2134 quidem
557 2086 662 2122 locus
678 2096 862 2121 amoenus
878 2090 915 2120 et
935 2083 973 2120 in
990 2081 1081 2119 mari
1102 2082 1184 2130 ipso
1198 2081 1262 2130 qui
1277 2088 1314 2119 et
1330 2081 1447 2120 Antio
1493 2091 1496 2093 ’

164 2156 201 2186 et
222 2148 378 2186 Circeiis
398 2148 515 2196 aspici
536 2147 677 2195 possit3
715 2147 782 2184 sed
810 2145 977 2182 ineunda
1003 2144 1114 2181 nobis
1141 2145 1235 2182 ratio
1256 2152 1312 2181 est
1332 2158 1447 2193 quem

162 2213 213 2249 ad
234 2213 392 2249 modum
412 2212 450 2248 in
471 2211 576 2248 omni
598 2209 808 2247 mutatione
832 2208 1087 2253 dominorum,
1110 2220 1208 2255 quae
1234 2207 1447 2245 innumera-

206 2321 243 2341 12
266 2312 450 2342 haesituros
467 2311 541 2341 coni.
557 2311 657 2341 Orelli
752 2319 789 2347 13
812 2309 890 2347 quid
902 2312 954 2338 ΣΔ
972 2319 978 2338 z
1002 2308 1073 2345 quis
1091 2307 1118 2337 C
1130 2318 1156 2337 v.
1177 2318 1199 2338 c.
1305 2317 1340 2346 17
1365 2309 1447 2339 alios

161 2358 234 2387 ante
248 2354 402 2384 advocavi
419 2353 530 2383 addere
545 2353 612 2383 vult
626 2353 708 2383 Boot
834 2362 873 2381 22
899 2351 1069 2380 Publilium
1089 2350 1172 2380 Crat.
1192 2362 1198 2380 :
1223 2350 1370 2380 Publium
1388 2351 1428 2380 M
