1690 2710
559 123 667 160 EPP.
699 123 774 159 AD
803 124 1054 162 ATTICVM
1271 126 1377 163 XVI.
1400 125 1475 162 xiii
1493 136 1521 162 a
1542 125 1601 175 (b)

207 245 320 281 XIII
335 259 356 280 a
373 249 423 290 (b)
469 248 536 281 Scr.
553 249 585 279 in
597 249 754 289 Arpinati
764 250 801 281 z'z'i
813 250 860 280 Id.
875 250 954 281 Nov.
974 260 1005 282 a.
1023 259 1082 291 710
1100 252 1182 291 (44).

558 333 722 364 CICERO
751 334 927 365 ATTICO
953 335 1057 366 SAL.

221 421 237 439 '¹‘
271 420 288 439 *
321 420 338 439 ’¹‘
369 427 405 458 et
433 420 599 469 quidem,
623 428 663 458 ut
690 435 713 458 a
739 435 800 458 me
825 421 1055 460 dimitterem
1082 423 1330 461 invitissimus
1358 425 1453 462 fece·
1472 435 1488 461 1

165 491 250 521 runt
282 483 407 521 Erotis
444 483 597 521 litterae.
657 486 755 521 Rem
794 484 862 521 tibi
900 485 992 522 Tiro
1029 486 1203 524 narrabit.
1261 489 1321 524 Tu
1360 487 1452 536 quid

129 554 144 583 5
164 546 381 584 faciendum
415 546 461 583 sit
494 546 649 584 videbis.
710 549 907 585 Praeterea
938 548 1133 597 possimne
1162 551 1317 598 propius
1349 564 1454 588 acce-

164 610 254 646 dere
283 608 400 659 (malo
429 609 531 646 enim
558 623 640 647 esse
669 610 707 647 in
737 612 957 648 Tusculano
985 619 1050 649 aut
1078 613 1227 660 uspiam
1255 613 1293 650 in
1324 614 1453 650 subur-

166 672 283 722 bano)
315 686 364 710 an
393 672 504 710 etiam
535 673 683 722 longius
712 674 989 712 discedendum
1016 683 1126 724 putes
1155 677 1287 713 crebro
1314 678 1363 713 ad
1391 690 1452 714 me

164 734 275 772 velim
292 735 443 773 scribas.
503 736 582 773 Erit
601 744 728 773 autem
749 736 889 774 cotidie
909 737 970 774 cui
990 739 1068 775 des.
1126 739 1243 786 Quod
1260 746 1452 787 praeterea
1469 750 1492 776 2

164 797 340 843 consulis,
373 797 467 846 quid
500 798 568 836 tibi
605 812 782 836 censeam
820 799 1043 837 faciundum
1080 800 1233 838 difficile
1270 809 1325 838 est
1362 815 1450 839 cum

110 877 146 898 10
163 861 296 898 absim.
354 863 497 899 Verum
518 870 645 900 tamen
666 863 696 899 si
716 876 824 912 pares
843 876 964 912 aeque
980 863 1076 901 inter
1096 877 1146 910 se,
1161 864 1448 913 quiescendum,

164 923 233 969 sin,
255 924 365 961 latius
386 925 555 962 manabit
574 933 611 962 et
631 925 787 974 quidem
806 927 855 963 ad
876 939 971 972 nos3
997 926 1139 964 deinde
1159 927 1422 966 communiter.

205 1068 318 1102 XIII
335 1073 357 1101 b
376 1070 425 1111 (e)
467 1070 536 1103 Scr.
555 1073 587 1101 in
602 1072 757 1112 Arpinati
771 1074 804 1102 1'1'1'
817 1073 864 1104 Id.
881 1073 961 1104 Nov.
981 1084 1011 1104 a.
1032 1084 1087 1112 710
1105 1074 1188 1113 (44).

561 1159 729 1190 CICERO
760 1159 926 1190 ATTICO
959 1160 1052 1190 SAL.

215 1242 339 1281 Avide
365 1251 473 1280 tuum
498 1244 699 1282 consilium
728 1253 916 1294 exspecto.
974 1245 1112 1284 Timeo
1140 1261 1189 1285 ne
1214 1248 1335 1285 absim
1362 1258 1449 1286 cum
1471 1261 1487 1286 1

107 1320 143 1351 15
162 1307 296 1344 adesse
329 1319 391 1343 me
423 1306 470 1344 sit
499 1307 695 1345 honestius
712 1322 722 1355 3
760 1315 901 1346 temere
928 1309 1056 1347 venire
1086 1324 1164 1348 non
1196 1312 1331 1349 audeo.
1391 1315 1451 1350 De

162 1371 306 1409 Antoni
335 1371 531 1409 itineribus
560 1372 689 1409 nescio
720 1372 813 1422 quid
843 1373 949 1411 aliter
981 1374 1096 1411 audio
1124 1382 1239 1423 atque
1267 1382 1308 1412 ut
1335 1377 1384 1413 ad
1414 1384 1451 1414 te

161 1434 383 1472 scribebam.
443 1434 584 1473 Omnia
615 1435 726 1485 igitur
757 1436 869 1474 velim
904 1436 1067 1486 explices
1104 1444 1142 1475 et
1171 1439 1219 1475 ad
1254 1451 1316 1476 me
1348 1447 1450 1477 certa

161 1497 296 1535 mittas.

214 1562 273 1598 De
299 1561 444 1610 reliquo
464 1562 555 1610 quid
577 1562 644 1599 tibi
671 1575 741 1611 ego
765 1563 922 1601 dicam?
962 1565 1092 1602 Ardeo
1117 1565 1243 1602 studio
1269 1565 1448 1604 historiae
1466 1577 1490 1604 2

104 1641 141 1662 20
161 1624 447 1675 (incredibiliter
486 1626 588 1663 enim
627 1640 688 1663 me
725 1634 942 1664 commovet
983 1635 1047 1665 tua
1083 1629 1313 1679 cohortatio)
1350 1643 1449 1678 quae

159 1688 315 1737 quidem
342 1702 412 1726 nec
439 1689 583 1726 institui
610 1702 680 1727 nec
707 1689 803 1727 effici
829 1697 954 1738 potest
977 1690 1058 1728 sine
1080 1698 1145 1728 tua
1168 1704 1250 1739 ope.
1309 1693 1448 1729 Coram

158 1750 269 1799 igitur
299 1752 372 1788 hoc
403 1751 558 1800 quidem
590 1753 838 1789 conferemus.
902 1754 948 1790 In
977 1754 1190 1802 praesentia
1216 1754 1309 1791 mihi
1335 1755 1448 1792 velim

159 1814 299 1851 scribas
335 1815 473 1863 quibus
511 1816 733 1853 consulibus
772 1817 814 1854 C.
847 1816 1015 1853 Fannius
1047 1818 1100 1854 M.
1132 1818 1153 1853 f.
1186 1817 1358 1854 tribunus
1395 1819 1444 1867 pl.

159 1877 278 1915 fuerit.
338 1878 481 1916 Videor
525 1878 618 1915 mihi
664 1879 816 1916 audisse
865 1881 904 1916 P.
945 1879 1125 1917 Africano
1171 1881 1212 1916 L.
1255 1881 1447 1918 Mummio

103 1955 139 1987 25
159 1941 390 1979 censoribus.
450 1943 496 1979 Id
522 1942 632 1990 igitur
655 1956 805 1991 quaero.
863 1944 924 1979 Tu
951 1942 1042 1979 mihi
1067 1944 1115 1980 de
1141 1942 1184 1979 iis
1209 1943 1322 1980 rebus
1347 1956 1446 1992 quae

159 2012 347 2043 novantur
366 2006 495 2043 omnia
515 2014 624 2051 certa,
647 2008 755 2043 clara.
815 2018 858 2043 111
883 2008 975 2043 Idus
995 2020 1040 2043 ex
1059 2006 1242 2055 Arpinati.

203 2117 215 2135 1
241 2106 313 2136 hinc
334 2117 450 2136 novam
473 2112 515 2146 ep.
537 2108 641 2146 incztfiit
660 2107 809 2136 Tmzstnll
920 2118 938 2145 3
964 2108 1036 2136 Ιιαιί·
1057 2107 1104 2136 vel
1118 2106 1234 2136 similia
1250 2107 1364 2137 addere
1379 2108 1447 2137 vult

110 2153 113 2156 ’
158 2147 285 2186 Sclzit'tz,
307 2149 447 2178 Tantum
469 2150 556 2186 quod
581 2150 612 2178 in
636 2149 781 2186 Arpinas
803 2159 957 2179 veneram
982 2150 1093 2179 Tironi
1116 2149 1175 2178 has
1196 2150 1238 2178 ad
1262 2153 1294 2178 te
1317 2149 1445 2179 litteras

157 2190 255 2220 dedi:
289 2191 336 2220 m'l
363 2191 427 2220 nisi
448 2191 603 2221 Tironem
628 2191 702 2221 add.
730 2191 892 2222 Corradus
916 2192 972 2222 del.
991 2197 1032 2230 et,
1056 2202 1129 2221 cum
1148 2191 1225 2229 fieri
1238 2191 1340 2230 possit
1361 2195 1398 2221 ut
1412 2197 1445 2221 et

157 2236 340 2272 corruptum
354 2233 395 2262 sit
409 2244 448 2263 ex
456 2233 492 2263 T.
511 2233 730 2273 (saTironemi
824 2244 860 2263 12
883 2234 956 2264 ln'nc
972 2244 1090 2264 novam
1106 2238 1149 2271 ep.
1171 2232 1324 2272 incipiunt
1335 2233 1446 2263 codices

156 2274 275 2304 Bosiet
290 2275 317 2305 C
473 2285 510 2313 15
534 2279 656 2305 temere
674 2270 744 2306 thz
770 2276 886 2305 timere
909 2276 982 2306 M¹z
1008 2276 1065 2306 del.
1088 2275 1141 2304 Μ2
1304 2285 1343 2313 23
1367 2285 1443 2305 con·

155 2317 294 2356 sulibus]
312 2327 378 2348 cos.
397 2317 458 2347 M:
483 2318 675 2348 censoribus
693 2318 854 2348 Corradus
869 2317 897 2347 L
916 2319 1052 2358 (marg.)
1190 2326 1229 2355 25
1253 2317 1442 2348 censoribus

155 2369 184 2389 v.
199 2370 221 2390 c.
240 2354 294 2390 ΖΜ
310 2359 416 2392 Crat.:
439 2370 504 2391 om.
524 2363 577 2391 ΣΔ
