1590 2730
520 125 629 161 EPP.
660 125 736 160 AD
765 125 1017 163 ATTICVM
1345 125 1437 160 XII.
1460 123 1520 159 xii

129 233 300 283 peditam
327 232 459 270 iacere.
522 232 653 269 Insula
681 231 845 280 Arpinas
874 231 1014 269 habere
1042 238 1168 280 potest
1200 244 1418 280 germanam

129 298 352 344 ἀποθέωσιν;
389 297 458 334 sed
485 308 616 333 vereor
644 308 692 332 ne
722 295 907 332 minorem
941 296 1046 343 τιμὴν
1076 295 1217 332 habere
1247 294 1419 332 videatur

129 362 353 410 ἐκτοπισμός.
412 360 481 396 Est
513 357 624 407 igitur
651 357 801 394 animus
831 357 869 394 in
898 358 1042 403 hortis3
1085 370 1180 406 quos
1210 365 1337 394 tamen
1366 358 1419 394 in-

129 423 287 474 spiciam
315 436 402 461 cum
431 434 580 459 venero.

91 505 109 538 5
182 491 242 525 De
280 487 457 535 Epicuro,
492 493 533 522 ut
565 486 693 532 voles,
739 484 808 521 etsi
841 485 1119 533 μεθαρμόσομαι
1151 484 1189 520 in
1222 490 1458 532 posterum2

127 565 247 601 genus
280 552 354 588 hoc
382 562 640 599 personarum.
700 547 930 585 Incredibile
959 555 1015 584 est
1043 560 1158 596 quam
1188 560 1232 584 ea
1260 546 1417 595 quidam

128 614 330 663 requirant.
403 613 467 650 Ad
505 611 682 661 antiquos
720 610 854 660 igitur3
901 612 1121 659 ἀνεμέσητον
1156 611 1235 660 γάρ.
1311 609 1417 646 Nihil

128 678 253 715 habeo
291 678 340 714 ad
379 683 415 714 te
455 676 559 724 quod
589 674 761 720 scribam,
802 675 869 711 sed
916 681 1043 711 tamen
1090 672 1233 709 institui
1279 671 1418 709 cotidie

129 739 277 777 mittere
309 747 350 776 ut
383 738 531 776 eliciam
569 745 651 774 tuas
690 736 840 782 litteras,
881 749 959 773 non
997 749 1074 784 quo
1111 735 1255 783 aliquid
1293 748 1337 771 ex
1374 734 1418 771 iis

73 819 113 841 10
130 810 345 852 exspectem
369 803 436 840 sed
462 800 592 839 nescio
619 813 696 848 quo
723 800 840 837 modo
867 806 995 837 tamen
1020 806 1208 848 exspecto.
1267 799 1354 845 Qua
1380 810 1418 834 re

129 866 207 904 sive
230 866 348 904 habes
375 864 467 914 quid
493 864 571 902 sive
597 863 649 900 nil
675 862 804 908 habea
827 861 950 900 scribe
976 869 1105 899 tamen
1131 859 1275 909 aliquid
1304 867 1417 909 teque

128 942 227 967 CUI'a.

169 1071 282 1106 XIII
436 1073 503 1104 Ser.
521 1073 664 1103 Asturae
677 1072 760 1104 Non.
780 1073 878 1103 Mart.
899 1083 928 1103 a.
951 1082 1008 1112 709
1027 1072 1106 1112 (45).

523 1160 690 1191 CICERO
711 1160 891 1191 ATTICO
914 1159 1017 1190 SAL.

72 1268 108 1299 15
181 1250 410 1289 Commovet
448 1260 509 1286 me
546 1247 698 1293 Attica;
746 1246 816 1284 etsi
853 1246 1047 1284 adsentior
1084 1247 1251 1284 Cratero.
1310 1244 1451 1282 Bruti!

127 1312 271 1351 litterae
297 1312 457 1360 scriptae
486 1318 523 1349 et
548 1312 754 1359 prudenter
782 1318 819 1348 et
847 1310 969 1348 amice
998 1311 1135 1346 multas
1166 1308 1257 1346 mihi
1288 1316 1415 1346 tamen

127 1376 298 1414 lacrimas
335 1377 551 1413 attulerunt.
628 1376 694 1412 Me
732 1375 826 1412 haec
865 1373 1031 1411 solitudo
1076 1373 1201 1410 minus
1248 1372 1416 1410 stimulat

127 1453 241 1489 quam
266 1439 337 1477 ista
362 1438 569 1476 celebritas.
627 1440 684 1476 Te
711 1451 828 1474 unum
857 1437 1057 1477 desidero:
1086 1437 1153 1474 sed
1180 1435 1310 1473 litteris
1337 1448 1414 1472 non

127 1502 314 1541 difficilius
353 1510 437 1539 utor
475 1514 589 1550 quam
623 1500 653 1538 si
692 1501 795 1538 domi
835 1514 967 1537 essem.
1026 1501 1151 1537 Ardor
1188 1507 1315 1536 tamen
1353 1498 1414 1535 ille

71 1584 109 1604 2)
127 1566 227 1604 idem
260 1574 365 1615 urget
394 1573 430 1603 et
460 1573 588 1602 manet
617 1578 694 1602 non
726 1578 786 1601 me
815 1565 968 1601 hercule
998 1563 1218 1611 indulgente
1252 1575 1313 1599 me
1347 1562 1413 1599 sed

127 1638 253 1667 tamen
283 1638 526 1678 repugnante.

179 1694 295 1741 Quod
320 1692 451 1730 scribis
471 1694 519 1729 de
539 1692 741 1740 Appuleio,
766 1691 858 1728 nihil
886 1698 978 1740 puto
1005 1704 1100 1739 opus
1127 1703 1208 1727 esse
1235 1697 1298 1726 tua
1325 1702 1411 1726 con·
1429 1698 1454 1726 2

126 1757 295 1794 tentione
316 1769 387 1794 nec
408 1756 530 1792 Balbo
551 1762 588 1792 et
609 1754 736 1804 Oppio
753 1769 760 1800 ς
790 1754 928 1803 quibus
953 1754 1109 1802 quidem
1134 1753 1195 1790 ille
1222 1759 1413 1801 receperat

127 1819 296 1869 mihique
325 1819 439 1857 etiam
468 1818 625 1856 iusserat
652 1818 816 1855 nuntiari
846 1832 885 1855 se
915 1819 1118 1854 molestum
1149 1816 1307 1853 omnino
1335 1828 1413 1852 non

71 1898 106 1930 25
127 1884 305 1920 futurum.
358 1884 433 1920 Sed
454 1895 543 1919 cura
562 1889 602 1918 ut
623 1895 778 1919 excuser
798 1881 919 1918 morbi
941 1893 1055 1918 causa
1074 1879 1111 1916 in
1133 1878 1213 1916 dies
1234 1878 1411 1927 singulos.

127 1948 275 1984 Laenas
295 1947 369 1983 hoc
389 1952 590 1994 receperat.
650 1945 798 1981 Prende
820 1945 862 1982 C.
886 1943 1123 1991 Septimium,
1148 1943 1189 1978 L.
1212 1940 1410 1979 Statilium.

167 2057 186 2076 2
210 2047 267 2077 sed
289 2056 406 2077 vereor
429 2057 470 2076 ne
494 2047 652 2076 minorem
674 2045 766 2083 τιμὴν
784 2048 806 2075 Σ
830 2056 855 2075 v.
877 2056 897 2074 c.
917 2044 1000 2074 Crat.
1020 2044 1052 2074 F
1067 2044 1210 2082 idemque
1223 2043 1291 2081 sere
1310 2042 1388 2073 Ant.
1407 2054 1414 2072 :

126 2100 189 2120 om.
210 2094 236 2119 Δ
415 2098 433 2126 3
457 2087 640 2125 ἐκτοπισμός
667 2087 780 2117 Lamh.
800 2099 806 2117 ε
845 2090 1082 2116 EKTONIMOC
1107 2087 1162 2115 M:
1199 2085 1360 2122 ἐκτύπιμος
1385 2084 1416 2114 Ζ

126 2131 252 2170 tamen]
270 2135 337 2161 tum
360 2131 456 2161 Orelli
593 2141 611 2169 5
637 2130 799 2168 Epicureo
818 2129 918 2159 Orelli
1058 2129 1077 2158 8
1100 2128 1236 2158 scribam
1262 2132 1285 2158 Σ
1303 2127 1386 2157 Crat.
1406 2139 1412 2157 :

126 2173 325 2213 perscribam
343 2177 369 2202 Δ
526 2183 560 2202 11
585 2174 662 2211 quid
680 2173 749 2202 sive
774 2173 818 2201 nil
841 2173 941 2201 habes
959 2171 1005 2201 C:
1037 2181 1098 2200 om.
1119 2170 1158 2199 M
1310 2171 1357 2207 18,
1375 2179 1412 2206 19

126 2218 184 2246 sed
206 2217 268 2246 etsi
291 2217 338 2256 (et
353 2215 399 2245 F:
429 2216 455 2245 si
470 2215 506 2255 I)
526 2216 642 2245 litteris
659 2238 665 2246 .
684 2238 691 2245 .
711 2239 718 2246 .
736 2224 853 2247 essem,
873 2214 969 2244 ardor
989 2212 1187 2251 lVescnbetg:
1215 2222 1278 2242 om.
1298 2212 1358 2241 etsi
1376 2211 1416 2240 M

125 2269 168 2288 20
192 2259 273 2288 idem
291 2261 314 2290 Σ
329 2268 357 2289 v.
374 2268 396 2288 c.
414 2257 442 2287 L
460 2257 595 2298 (marg.)
617 2257 700 2288 Crat.
717 2268 723 2286 :
748 2267 811 2286 om.
825 2261 853 2286 Δ
939 2265 976 2284 21
998 2260 1106 2285 tamen
1125 2265 1190 2284 non
1207 2258 1413 2292 repugnante

125 2300 299 2332 Ascensius
315 2311 322 2330 :
345 2304 549 2339 repugnante
565 2304 674 2330 tamen
698 2298 836 2338 sywell:
859 2298 956 2328 etiam
974 2301 1179 2336 repugnante
1195 2296 1270 2327 coni.
1290 2295 1373 2326 Reid
