1690 2710
546 111 654 146 EPP.
685 111 761 146 AD
790 110 1041 149 ATTICVM
1348 113 1432 150 XV.
1451 113 1480 149 ii

149 216 240 254 lario
255 225 338 254 tuas
358 217 499 256 litteras
516 231 525 264 3
554 216 593 254 in
608 217 747 266 quibus
767 217 879 254 nimis
900 220 1019 255 multa
1034 219 1082 256 de
1098 220 1297 257 Buthroto.
1346 221 1437 257 Non

148 279 250 316 enim
266 280 334 317 tibi
354 293 398 317 ea
417 293 474 318 res
495 279 629 317 maiori
643 292 755 317 curae
774 288 839 318 aut
859 289 914 317 est
929 289 994 317 aut
1010 281 1078 318 erit
1092 295 1207 329 quam
1223 282 1326 319 mihi.
1376 283 1437 320 Sic

148 342 250 378 enim
270 343 380 380 decet
407 350 444 380 te
464 356 549 380 mea
568 355 711 388 curare,
729 350 795 379 tua
823 356 892 379 me.
954 345 1081 390 Quam
1108 345 1157 381 ob
1185 358 1263 381 rem
1292 345 1330 382 id
1358 346 1436 394 qui-

146 407 236 443 dem
257 406 309 443 sic
329 414 547 455 susceptum
568 414 624 443 est
640 405 733 442 mihi
752 414 793 443 ut
808 406 902 443 nihil
923 406 992 442 sim
1013 397 1210 444 habiturus
1229 408 1432 456 antiquius.

110 480 127 512 5
199 471 241 506 L.
272 470 484 507 Antonium
518 469 781 507 contionatum
816 482 898 506 esse
932 469 1094 518 cognovi
1127 470 1200 506 tuis
1234 470 1363 508 litteris
1398 479 1476 509 et2

144 531 226 569 aliis
255 532 432 579 sordide3
464 534 531 569 sed
559 532 598 569 id
628 534 739 580 quale
768 532 878 569 fuerit
909 532 1062 579 nesci03
1096 533 1189 569 nihil
1218 534 1320 570 enim
1350 534 1434 571 scri-

144 594 209 644 pti.
286 597 345 632 De
383 597 618 633 Menedemo
656 596 784 644 probe.
858 595 1025 643 Quintus
1067 604 1167 633 certe
1205 610 1249 634 ea
1286 598 1434 635 dictitat

145 671 243 707 quae
268 659 410 696 scribis.
470 658 682 697 Consilium
714 672 843 696 meum
869 672 892 696 a
914 666 951 696 te
977 660 1127 708 probari
1156 662 1261 708 quod
1285 674 1329 698 ea
1355 675 1433 699 non
1457 670 1460 673 “

144 721 306 759 scribam
338 735 436 770 quae
469 728 509 758 tu
546 735 568 758 a
606 735 667 759 me
700 721 900 777 postularis
930 721 1039 759 facile
1072 722 1202 770 patior,
1235 725 1433 773 multoque

88 796 125 819 10
144 785 262 834 magis
290 786 330 823 id
359 784 549 834 probabis,
579 784 609 822 si
638 784 849 822 orationem
884 798 967 822 eam
997 787 1045 822 de
1075 799 1150 834 qua
1177 787 1294 824 hodie
1322 789 1370 824 ad
1397 795 1434 826 te

143 848 274 897 scripsi
302 847 444 897 legeris.
504 848 614 895 Quae
647 849 695 885 de
728 848 943 897 legionibus
973 848 1115 894 scribis,
1145 862 1189 886 ea
1217 863 1304 887 vera
1333 858 1430 888 sunt.

143 912 219 948 Sed
257 924 335 948 non
374 910 462 949 satis
499 912 574 948 hoc
611 910 704 948 mihi
742 910 879 948 videris
918 911 987 948 tibi
1016 912 1247 959 persuasisse
1280 913 1345 961 qui
1383 915 1432 951 de

143 974 352 1011 Buthrotiis
382 973 518 1011 nostris
547 987 613 1022 per
639 981 813 1011 senatum
843 987 969 1023 speres
999 975 1137 1012 confici
1163 988 1275 1024 posse
1296 979 1430 1024 †quod

142 1045 246 1086 puto.
303 1039 501 1076 Tantum†
541 1036 643 1073 enim
680 1037 803 1082 video,
839 1050 917 1073 non
954 1037 1128 1075 videmur
1165 1052 1247 1076 esse
1283 1039 1427 1085 victuri,

88 1113 124 1144 15
142 1102 220 1146 sed,
243 1108 284 1138 ut
307 1100 381 1137 iarn
409 1114 479 1137 nos
505 1102 579 1137 hoc
605 1102 717 1145 fallat,
740 1101 789 1137 de
816 1102 1004 1138 Buthroto
1030 1108 1067 1138 te
1094 1114 1172 1138 non
1198 1103 1310 1139 fallet.
1370 1105 1429 1140 De
1449 1116 1472 1151 3

142 1164 278 1202 Octavi
316 1164 496 1201 contione
534 1163 636 1200 idem
674 1163 797 1201 sentio
830 1165 935 1211 quod
969 1171 1019 1209 tu,
1056 1166 1311 1213 ludorumque
1349 1166 1429 1203 eius

140 1234 342 1276 apparatus
376 1234 413 1264 et
445 1226 588 1263 Matius
621 1240 666 1263 ac
698 1228 903 1263 Postumus
934 1227 1027 1263 mihi
1056 1236 1318 1276 procuratores
1351 1243 1430 1266 non

140 1292 315 1339 placent;
343 1291 503 1327 Saserna
523 1291 682 1338 conlega
701 1289 848 1338 dignus.
907 1286 982 1327 S'ed
998 1290 1058 1327 isti
1079 1304 1224 1337 omnes,
1247 1305 1361 1340 quem
1381 1295 1430 1330 ad

140 1355 300 1391 modum
334 1353 461 1398 sentis,
492 1366 570 1390 non
602 1353 727 1389 minus
757 1353 876 1389 otium
907 1353 1042 1390 timent
1071 1367 1185 1402 quam
1215 1368 1285 1391 nos
1313 1369 1426 1393 arma.

85 1434 123 1455 20
142 1420 305 1456 Balbum
334 1419 447 1456 levari
476 1418 618 1455 invidia
646 1432 712 1466 per
740 1431 810 1455 nos
839 1418 962 1464 velim,
992 1420 1058 1455 sed
1088 1432 1136 1455 ne
1164 1418 1245 1467 ipse
1271 1419 1428 1467 quidem

141 1482 179 1520 id
201 1482 279 1519 fieri
299 1495 411 1530 posse
431 1481 601 1519 confidit.
660 1483 796 1529 Itaque
815 1481 888 1518 alia
908 1482 1058 1530 cogitat.

194 1546 311 1592 Quod
353 1545 473 1593 prima
514 1544 722 1592 disputatio
759 1545 979 1581 Tusculana
1018 1552 1055 1581 te
1096 1546 1297 1583 confirmat
1337 1559 1472 1598 sane4

139 1610 313 1657 gaudeo3
346 1621 471 1656 neque
500 1607 601 1644 enim
631 1609 750 1643 ullum
780 1614 836 1644 est
862 1607 1075 1655 perfugium
1104 1615 1168 1644 aut
1198 1608 1332 1645 melius
1362 1617 1427 1646 aut

141 1672 318 1721 paratius.
379 1672 551 1707 Flamma
580 1671 685 1718 quod
718 1670 816 1707 bene
845 1669 1012 1718 loquitur
1041 1683 1119 1707 non
1149 1672 1307 1708 moleste
1336 1673 1425 1709 fero.

85 1750 121 1781 25
141 1735 489 1784 Tyndaritanorum
531 1747 655 1779 causa,
695 1734 744 1771 de
783 1746 859 1781 qua
899 1746 1013 1770 causa
1052 1733 1208 1779 laborat,
1247 1747 1345 1782 quae
1383 1735 1429 1772 sit

141 1799 286 1848 ignoro.
321 1800 407 1835 Hos
421 1806 549 1835 tamen
565 1828 571 1835 .
683 1798 927 1834 Πεντέλοιπον
940 1809 1093 1834 movere
1105 1796 1177 1833 ista
1189 1796 1375 1844 videntur,
1390 1797 1428 1834 in

140 1862 270 1911 primis
290 1862 457 1910 erogatio
477 1860 672 1910 pecuniae.
733 1863 793 1898 De
809 1860 995 1898 Alexione
1016 1861 1140 1906 doleo,
1159 1861 1226 1898 sed
1247 1860 1431 1909 quoniam

182 1965 202 1993 6
225 1964 335 2002 scripti
363 1962 432 1995 M¹:
467 1962 599 2001 scripsti
620 1961 699 1991 M2:
731 1962 893 2000 scripsisti
919 1960 1016 1991 Rom.
1037 1961 1059 1990 I
1204 1971 1224 1999 9
1248 1960 1430 1999 postularas

141 2005 278 2046 Madvig
448 2015 483 2043 13
508 2015 615 2043 posse.
661 2005 760 2042 Quod
784 2005 905 2035 dubito.
959 2004 1100 2034 Tantum
1125 2004 1212 2032 enim
1236 2004 1331 2032 video
1353 2004 1426 2033 coni.

141 2048 244 2078 Boot:
268 2058 373 2087 posse.
422 2048 516 2085 Quod
541 2052 619 2086 puto
637 2046 777 2085 (tantum
796 2047 885 2078 enim
903 2047 1012 2079 video)
1038 2045 1178 2084 {vrrellz
1203 2055 1320 2084 posse;
1343 2046 1430 2075 haud

142 2096 243 2129 put0;
269 2095 425 2129 quantum
443 2091 530 2119 enim
555 2091 651 2119 video
677 2090 876 2119 Gronovius:
910 2099 1017 2128 posse,
1048 2089 1145 2127 quod,
1169 2092 1429 2126 puto‚—tantum

143 2133 229 2162 enim
251 2132 476 2162 video—Reid
627 2143 662 2169 14
688 2133 769 2172 non]
796 2142 855 2161 nos
875 2132 950 2161 coni.
972 2130 1090 2161 Lamb.
1251 2140 1287 2168 15
1312 2135 1346 2160 ut
1368 2130 1430 2159 iam

142 2175 256 2204 Klotz:
283 2176 379 2204 etiam
396 2173 450 2204 M:
477 2179 511 2204 ut
529 2175 625 2204 etiarn
646 2174 757 2204 Orelli:
783 2175 810 2203 si
832 2174 929 2203 etiam
947 2173 1043 2203 Rom.
1199 2183 1232 2210 17
1258 2178 1430 2211 apparatu,

141 2218 200 2246 sed
220 2218 337 2247 Matius
355 2217 518 2246 Turnebus
626 2226 665 2254 25
689 2217 826 2246 alterum
840 2216 951 2245 causa]
971 2216 1078 2245 Pansa
1095 2215 1158 2246 cod.
1177 2216 1304 2245 Vrsini:
1327 2215 1431 2244 Casca

141 2260 216 2289 coni.
232 2259 315 2289 Boot
400 2259 528 2288 laboras
545 2257 636 2288 Man.
770 2259 810 2288 26
833 2262 892 2287 aut
906 2258 1093 2297 aposiopesis
1107 2262 1152 2287 cst
1161 2261 1234 2298 post
1251 2262 1359 2286 tamen
1376 2260 1434 2286 aut

141 2301 314 2331 defendam
325 2301 373 2331 vel
382 2301 484 2331 simile
495 2301 574 2340 quid
584 2302 740 2331 omissmu
757 2312 763 2330 ε
787 2310 920 2330 noscam
934 2306 1041 2330 tamen
1053 2299 1137 2329 Reid
1221 2299 1429 2328 Πεντέλοιπον

141 2344 177 2381 cs.
197 2344 262 2374 xiv.
280 2353 329 2374 21.
347 2355 365 2382 4
