1590 2730
522 120 631 157 EPP.
662 121 738 157 AD
766 122 1018 159 ATTICVM
1243 125 1334 161 XII.
1354 123 1520 160 xxxviii
1540 135 1564 159 a

130 223 273 262 scilicet
301 224 462 274 emptori
490 225 562 264 loci
577 240 587 272 3
620 225 678 263 sin
707 226 904 273 venibunt,
933 228 1026 276 quid
1056 229 1134 266 fieri
1166 229 1285 278 possit
1317 230 1417 269 vide-

130 288 266 325 bimus.
336 290 437 326 Nam
475 288 538 326 ille
574 290 680 326 locus
714 289 960 327 Publicianus
994 290 1058 339 qui
1092 299 1148 329 est
1178 293 1347 330 Treboni
1379 302 1415 331 et

130 350 264 389 Cusini
293 358 371 388 erat
398 352 448 389 ad
477 364 538 388 me
566 353 726 389 adlatus.
785 353 860 389 Sed
890 353 962 390 scis
991 366 1117 391 aream
1149 368 1240 393 esse.
1300 357 1418 394 Nullo

128 421 241 463 pacto
278 414 409 463 probo.
479 414 639 453 Clodiae
677 428 767 452 sane
804 417 956 464 placent
993 418 1060 454 sed
1092 430 1170 454 non
1207 426 1300 467 puto
1334 432 1416 457 esse

92 477 280 523 5venalis.
350 479 410 516 De
441 477 556 515 Drusi
586 478 714 525 hortis,
751 479 923 527 quamvis
960 480 1010 516 ab
1048 479 1091 517 iis
1127 481 1342 527 abhorreas,
1376 490 1416 520 ut

128 539 270 586 scribis,
293 548 421 578 tamen
441 554 488 579 eo
508 541 725 590 confugiam
742 541 813 578 nisi
834 542 926 590 quid
947 542 1144 581 inveneris.
1186 545 1414 583 Aedificatio

128 616 190 641 me
209 616 287 641 non
315 611 452 641 movet.
511 604 616 641 Nihil
643 605 745 642 enim
767 604 871 642 aliud
899 605 1113 644 aedificabo
1142 607 1213 644 nisi
1242 607 1280 645 id
1310 610 1414 656 quod

127 665 241 703 etiam
270 666 300 704 si
326 666 409 704 illos
438 681 516 705 non
543 669 724 706 habuero.
784 672 902 718 Κῦρος
922 669 959 715 δ’,
983 670 1008 707 ε’
1027 670 1120 707 mihi
1141 671 1194 708 sic
1214 672 1355 720 placuit
1375 680 1416 710 ut

128 736 251 767 cetera
271 730 519 777 Antisthenis,
542 731 707 769 hominis
726 732 826 769 acuti
848 733 966 781 magis
987 746 1102 781 quam
1123 734 1271 772 eruditi.

73 945 109 966 10
169 931 361 967 XXXIX
427 934 493 966 Scr.
512 936 656 966 Asturae
671 937 726 966 viii
740 935 788 967 ld.
808 936 885 967 Mai.
904 947 933 967 (ι.
956 947 1013 976 709
1032 938 1109 976 (4]Ὗ.

519 1021 685 1052 CICERO
715 1021 890 1052 ATTICO
920 1022 1022 1054 SAL.

178 1107 414 1145 Tabellarius
448 1109 497 1145 ad
535 1121 596 1145 me
628 1121 716 1145 cum
755 1109 836 1146 sine
869 1109 999 1147 litteris
1031 1109 1103 1146 tuis
1137 1110 1311 1157 venisset,
1343 1110 1414 1148 exi·
1434 1121 1450 1148 1

125 1170 273 1208 stimavi
305 1170 372 1207 tibi
402 1183 484 1207 eam
512 1183 664 1208 causam
692 1184 769 1208 non
801 1172 993 1210 scribendi
1019 1172 1134 1210 fuisse
1163 1174 1268 1221 quod
1295 1173 1414 1222 pridie

125 1233 337 1282 scripsisses
357 1246 402 1271 ea
422 1233 503 1281 ipsa
521 1235 570 1271 ad
591 1247 705 1282 quarn
727 1235 899 1283 rescripsi
920 1235 1090 1284 epistula.
1144 1238 1413 1284 Exspectaram

71 1311 105 1342 ¹5
125 1304 253 1333 tamen
281 1295 425 1344 aliquid
454 1297 502 1333 de
531 1296 662 1333 litteris
692 1297 799 1334 Asini
826 1297 1017 1335 Pollionis.
1076 1300 1151 1336 Sed
1179 1298 1339 1335 nimium
1369 1313 1413 1336 ex

125 1373 212 1397 meo
232 1359 311 1397 otio
337 1366 444 1396 tuum
472 1367 614 1408 specto.
673 1362 917 1409 Quamquam
944 1361 1011 1398 tibi
1038 1361 1199 1408 remitto,
1223 1361 1293 1399 nisi
1321 1361 1412 1410 quid

125 1437 280 1462 necesse
317 1423 394 1469 erit,
431 1437 587 1461 necesse
625 1437 672 1461 ne
710 1425 851 1462 habeas
885 1425 1047 1462 scribere
1086 1425 1156 1462 nisi
1195 1425 1265 1462 eris
1304 1426 1412 1463 valde

124 1486 278 1524 otiosus.

179 1551 238 1587 De
254 1550 456 1587 tabellariis
476 1552 639 1587 facerem
660 1551 764 1598 quod
792 1551 940 1596 suades,
963 1550 992 1586 si
1013 1558 1139 1588 essent
1165 1552 1263 1588 ullae
1284 1564 1411 1588 neces-
1428 1562 1451 1588 2

67 1630 107 1652 20
125 1612 242 1650 Sariae
262 1613 416 1660 litterae,
438 1621 479 1650 ut
505 1621 610 1650 erant
630 1613 721 1650 olim
749 1627 836 1650 cum
864 1621 990 1650 tamen
1013 1613 1246 1651 brevioribus
1275 1614 1410 1652 diebus

124 1677 265 1715 cotidie
302 1678 586 1726 respondebant
624 1676 785 1725 tempori
825 1676 1018 1722 tabellarii,
1059 1684 1095 1714 et
1132 1684 1211 1714 erat
1253 1677 1408 1726 aliquid,

124 1739 248 1786 Silius,
276 1742 433 1785 Drusus,
455 1739 527 1776 alia
556 1741 756 1788 quaedam.
816 1741 930 1776 Nunc
965 1738 1036 1775 nisi
1061 1740 1165 1777 Otho
1196 1740 1407 1786 exstitisset,

123 1804 228 1852 quod
247 1803 496 1841 scriberemus
517 1816 595 1840 non
616 1811 694 1841 erat
709 1818 717 1849 ;
745 1805 787 1840 id
804 1803 928 1852 ipsum
956 1803 1116 1841 dilatum
1137 1811 1203 1840 est.
1260 1806 1407 1842 Tamen

121 1868 276 1905 adlevor
296 1881 383 1904 curn
403 1869 540 1915 loquor
564 1874 692 1905 tecum
719 1867 868 1914 absens,
892 1869 1014 1905 multo
1041 1867 1155 1904 etiam
1182 1867 1300 1916 magis
1320 1881 1407 1905 cum

65 1945 103 1976 25
122 1937 205 1969 tuas
225 1930 366 1969 litteras
386 1933 480 1979 lego.
539 1932 614 1968 Sed
635 1931 817 1979 quoniam
845 1940 881 1968 et
901 1933 992 1969 abes
1014 1930 1083 1979 (sic
1104 1930 1206 1968 enim
1232 1931 1405 1979 arbitror)

121 2001 159 2031 et
184 1994 375 2032 scribendi
404 1994 609 2032 necessitas
638 1996 742 2032 nulla
770 2002 837 2041 est,
860 1995 1133 2044 conquiescent
1162 1994 1306 2032 litterae
1334 1994 1406 2032 nisi

121 2057 213 2106 quid
233 2058 321 2096 novi
341 2058 531 2096 exstiterit.

160 2160 180 2189 8
204 2159 300 2195 Κῦρος
324 2158 358 2197 δ’,
379 2157 401 2188 ε’
425 2159 542 2189 Rosius
556 2159 619 2189 coll.
639 2158 734 2198 Dz'og.
752 2158 855 2190 Laert.
873 2160 914 2190 vi.
935 2170 959 2190 Ι.
981 2161 1040 2191 16:
1064 2163 1215 2191 KTPCAC
1243 2161 1282 2190 M
1369 2171 1404 2198 14

119 2211 214 2240 quarn
238 2200 380 2231 Lamb.:
410 2211 474 2240 que
498 2201 558 2231 M:
591 2212 676 2239 quae
703 2200 886 2242 Wesenberg
982 2204 1042 2234 hac
1067 2207 1138 2234 ante
1163 2204 1302 2242 epistula
1329 2203 1400 2234 add.

122 2243 306 2283 Wesenberg
319 2254 357 2274 ex
370 2243 391 2273 I
477 2253 512 2282 15
537 2244 690 2273 nimirum
707 2243 822 2274 Lctmb.
916 2246 952 2274 16
974 2245 1041 2275 otio
1056 2249 1146 2275 tuum
1164 2250 1277 2284 specto
1294 2246 1383 2276 Man.
1398 2257 1404 2275 ε

119 2286 221 2316 otium
238 2290 394 2324 exspecto
417 2285 475 2316 M:
498 2286 599 2316 otium
616 2290 705 2315 tuum
723 2290 838 2324 specto
849 2286 932 2316 Boot
1017 2297 1058 2317 20
1082 2292 1191 2317 tamen
1203 2292 1275 2327 post
1290 2288 1406 2319 diebus

117 2329 312 2368 transposuit
326 2327 417 2358 Man.
551 2338 588 2357 21
615 2327 774 2358 tabellarii
788 2329 852 2359 secl.
872 2328 955 2359 Boot
1079 2340 1119 2369 23
1142 2330 1174 2360 id
1190 2330 1262 2361 add.
1285 2331 1371 2361 Crat.

1260 2384 1321 2415 28*
