1590 2730
60 817 96 838 10

52 1580 90 1601 20

49 1895 85 1925 25

47 2211 83 2239 30

520 131 627 167 ΕΡΡ.
661 131 736 166 AD
766 131 1018 168 ATTICVM
1270 132 1384 168 XIII.
1408 130 1529 167 xxvii

119 238 203 273 set?
241 236 349 273 Totis
370 236 479 285 igitur
499 236 629 274 litteris
650 236 743 274 nihil
763 250 859 286 opus
880 244 945 274 est.
988 237 1064 274 Vbi
1085 237 1186 275 enim
1209 239 1403 289 ἐπίτευγμα

119 312 298 347 magnum
329 301 475 337 nullum
506 299 584 337 fieri
617 300 746 349 possit,
780 301 987 351 ἀπότευγμα
1020 302 1078 337 vel
1108 314 1187 338 non
1221 314 1401 349 magnum

118 363 320 400 molestum
341 365 507 400 futurum
534 363 595 410 sit,
614 363 707 412 quid
733 377 829 412 opus
856 372 912 401 est
938 365 1272 413 παρακινδυνεύειν.)
1301 378 1402 413 prae-

116 424 243 462 sertim
265 439 351 463 cum
372 426 464 463 illud
484 434 666 472 occurrat,
688 426 806 473 illum,
824 440 910 464 cum
931 435 1043 465 antea
1063 427 1156 464 nihil
1177 427 1399 476 scripserim,

115 487 414 526 existimaturum
435 502 496 526 me
519 488 591 526 nisi
617 496 698 526 toto
725 489 825 527 bello
852 491 1028 527 confecto
1055 490 1149 526 nihil
1175 490 1399 538 scripturum

114 549 239 587 fuisse.
296 552 424 600 Atque
450 551 563 589 etiam
583 564 714 589 vereor
734 565 781 589 ne
801 559 908 601 putet
932 566 993 590 me
1019 554 1093 590 hoc
1114 552 1220 601 quasi
1243 552 1400 590 Catonis

114 614 287 664 μείλιγμα
306 627 388 652 esse
407 614 581 652 voluisse.
640 614 746 662 Quid
767 615 943 663 quaeris?
971 617 1081 653 valde
1101 629 1162 653 me
1182 615 1399 664 paenitebat

115 690 185 714 nec
207 677 298 714 mihi
318 677 356 714 in
376 679 447 714 hac
468 677 623 726 quidem
650 691 689 715 re
715 678 920 727 quicquam
949 677 1066 727 magis
1086 685 1126 715 ut
1147 680 1281 715 vellem
1306 678 1400 715 acci-

115 741 203 777 dere
223 740 346 789 potuit
365 754 479 789 quam
501 742 606 789 quod
630 742 769 789 σπουδὴ
789 749 917 779 nostra
936 755 1014 779 non
1035 749 1091 778 est
1110 741 1279 789 probata.
1340 743 1398 777 In-

114 803 337 841 cidissemus
357 804 470 841 etiam
491 804 529 841 in
550 804 644 851 illos,
667 804 705 842 in
726 805 778 842 eis
799 805 836 842 in
857 812 1062 853 cognatum
1083 812 1200 842 tuum.

166 868 241 904 Sed
261 869 375 905 redeo
394 868 443 905 ad
470 869 610 905 hortos.
670 870 787 905 Plane
813 868 901 905 illuc
925 876 961 905 te
988 868 1039 905 ire
1068 867 1138 905 nisi
1167 876 1233 905 tuo
1261 881 1398 916 magno

113 931 320 967 commodo
347 932 461 976 nolo;
489 931 583 968 nihil
612 931 714 969 enim
745 939 859 980 urget.
918 931 1115 979 Quicquid
1141 931 1219 977 erit,
1242 944 1395 979 operam

112 994 152 1029 in
186 993 346 1031 Faberio
382 1008 581 1043 ponamus.
641 997 700 1033 De
737 995 800 1033 die
837 1002 965 1032 tamen
1002 994 1200 1039 auctionis,
1237 994 1267 1031 si
1305 994 1397 1043 quid

112 1055 217 1092 scies.
276 1058 376 1093 Eum
404 1058 467 1105 qui
494 1071 514 1095 e
544 1059 722 1096 Cumano
748 1065 911 1103 venerat,
935 1058 1039 1106 quod
1069 1064 1105 1094 et
1134 1059 1246 1105 plane
1275 1058 1397 1095 valere

112 1118 278 1155 Atticam
313 1119 512 1157 nuntiabat
546 1128 583 1158 et
613 1120 753 1158 litteras
787 1134 827 1158 se
858 1121 997 1158 habere
1025 1120 1160 1165 aiebat,
1192 1119 1318 1156 statim
1346 1121 1395 1157 ad

111 1189 147 1219 te
171 1195 265 1219 m151.

150 1324 348 1359 XXVIII
392 1329 459 1359 Ser.
478 1330 509 1359 in
532 1329 710 1359 Tusculano
726 1329 770 1358 vii
783 1329 823 1360 K.
844 1328 915 1358 Iun.
937 1339 966 1358 a.
989 1338 1044 1367 709
1064 1327 1143 1368 (ᾗ).

499 1414 663 1445 CICERO
692 1413 866 1443 ATTICO
901 1413 1003 1444 SAL.

163 1503 308 1538 Hortos
335 1502 517 1550 quoniam
544 1502 660 1539 hodie
687 1515 767 1538 eras
788 1501 1036 1549 inspecturus,
1060 1500 1152 1549 quid
1178 1500 1299 1537 visum
1328 1500 1394 1537 tibi

109 1563 155 1600 sit
188 1578 268 1601 cras
306 1565 458 1602 scilicet.
518 1568 577 1602 De
612 1564 772 1602 Faberio
809 1571 948 1609 autem,
983 1577 1071 1601 cum
1109 1563 1263 1601 venerit.
1336 1566 1395 1601 De

108 1628 268 1677 epistula
287 1631 335 1667 ad
357 1631 570 1675 Caesarem,
594 1630 715 1668 iurato
746 1630 837 1667 mihi
865 1631 988 1675 crede,
1010 1642 1089 1667 non
1115 1643 1295 1679 possum,
1325 1644 1395 1668 nec

108 1705 168 1728 me
195 1692 389 1741 turpitudo
416 1694 592 1739 deterret,
611 1693 680 1730 etsi
710 1692 872 1730 maxime
902 1692 1078 1730 debebat.
1137 1694 1264 1740 Quam
1292 1693 1393 1730 enim

107 1755 224 1803 turpis
258 1762 313 1792 est
345 1756 570 1801 adsentatio,
604 1769 691 1793 cum
726 1755 849 1793 vivere
881 1755 1005 1804 ipsum
1036 1763 1144 1804 turpe
1177 1755 1223 1792 sit
1257 1756 1392 1793 nobis!

107 1819 193 1863 Sed,
226 1825 266 1855 ut
299 1818 418 1867 coepi,
452 1824 529 1856 non
569 1833 629 1856 me
666 1820 740 1856 hoc
779 1826 886 1868 turpe
925 1820 1097 1856 deterret.
1168 1820 1225 1855 Ac
1257 1821 1391 1856 vellem

107 1881 262 1929 quidem
292 1882 430 1926 (essem
462 1882 562 1920 enim
593 1882 657 1930 qui
691 1896 772 1919 esse
803 1881 1025 1929 debebam),
1054 1882 1120 1919 sed
1155 1881 1191 1918 in
1224 1890 1389 1919 mentem

106 1944 198 1981 nihil
236 1945 347 1983 venit.
417 1947 517 1982 Nam
551 1960 648 1994 quae
686 1953 773 1982 sunt
810 1947 859 1983 ad
893 1947 1151 1983 Alexandrum
1191 1945 1390 1982 hominum

104 2008 365 2056 eloquentium
395 2016 431 2046 et
460 2010 661 2046 doctorum
692 2008 886 2046 suasiones
914 2008 1018 2045 vides
1046 2008 1185 2056 quibus
1213 2007 1251 2044 in
1280 2008 1391 2045 rebus

104 2078 307 2108 versentur.
370 2072 669 2109 Adulescentem
704 2072 902 2109 incensum
937 2071 1145 2119 cupiditate
1176 2071 1392 2109 verissimae

102 2134 252 2181 gloriae,
275 2135 491 2183 cupientem
516 2135 587 2172 sibi
613 2135 757 2184 aliquid
784 2135 917 2172 consili
938 2134 1018 2172 dari
1043 2136 1147 2183 quod
1167 2136 1216 2172 ad
1237 2136 1389 2171 laudem

103 2197 371 2246 sempiternam
405 2199 555 2244 valeret,
586 2200 833 2236 cohortantur
870 2199 918 2235 ad
957 2198 1084 2234 decus.
1154 2199 1244 2234 Non
1283 2198 1390 2234 deest

145 2310 161 2337 7
186 2304 257 2330 aule
280 2300 375 2330 valde
398 2301 472 2331 add.
505 2312 570 2331 non
598 2301 723 2331 Schiche
870 2311 906 2329 10
931 2301 963 2329 in
994 2301 1081 2338 (crille
1105 2298 1294 2337 cognatum)
1322 2297 1388 2328 secl.

107 2342 289 2382 Wesenberg
394 2353 430 2381 13
454 2342 486 2372 in
504 2343 530 2372 L
549 2343 687 2383 (marg.)
705 2343 816 2373 codiccs
833 2343 929 2372 Bosi:
953 2353 1016 2372 0111.
1036 2341 1121 2371 codd.
1230 2350 1265 2378 14
1290 2338 1389 2379 Eum]

104 2384 235 2415 Erotem
252 2385 371 2415 Sclaz'ilz

1414 1511 1430 1537 1

1414 1573 1437 1599 2
