1795 2745
180 132 286 168 XIV.
306 133 381 167 xvi
676 133 729 169 M.
761 132 922 168 TVLLI
954 131 1250 169 CICERONIS

323 240 417 277 ferre
437 252 559 288 posse.
616 238 712 286 Quis
733 238 834 276 enim
854 239 992 276 audeat
1015 238 1164 276 laedere
1190 236 1383 286 proposita
1408 249 1519 274 cruce
1544 243 1609 274 aut

323 315 422 348 saxo,
454 302 672 351 praesertim
707 301 819 339 tantis
853 301 1056 350 plausibus,
1088 308 1193 338 tanta
1224 299 1499 349 approbatione
1530 299 1609 336 infi-

324 379 472 403 morum
488 368 504 402 ?

277 440 302 476 3
376 430 500 474 Nunc,
542 428 591 465 mi
626 428 761 473 Attice,
799 441 859 464 me
892 429 949 464 fac
987 435 1027 464 ut
1065 427 1252 476 expedias
1316 425 1452 474 Cupio,
1492 438 1609 474 quom

14 582 295 642 ‘GMe-u.

4 642 229 691 aelam·

324 495 440 529 Bruto
466 498 596 528 nostro
624 491 781 528 adfatim
811 490 898 527 satis
928 490 1090 537 fecerim,
1113 502 1306 527 excurrere
1334 488 1372 525 in
1398 488 1607 526 Graeciam.

325 555 455 603 Magni
488 554 642 591 interest
677 553 872 592 Ciceronis
906 555 964 591 vel
995 567 1078 591 mea
1115 552 1242 601 potius
1273 553 1331 589 vel
1365 565 1425 589 me
1456 553 1609 589 hercule

322 618 516 665 utriusque
538 603 610 654 met
624 616 847 654 intervenire
874 616 1045 654 discenti.
1104 618 1203 653 Nam
1232 615 1394 663 epistula
1416 614 1609 652 Leonidae

321 694 435 729 quam
470 682 518 718 ad
549 693 610 717 me
643 680 775 717 misisti
810 680 901 728 quid
940 680 1065 725 habet,
1101 692 1253 727 quaeso,
1289 678 1327 714 in
1361 690 1437 725 quo
1470 690 1609 725 magno

322 756 435 791 opere
456 745 668 780 laetemur?
711 744 932 790 Numquam
954 742 1015 779 ille
1036 742 1127 778 mihi
1148 742 1236 778 satis
1257 740 1400 778 laudari
1420 740 1609 778 videbitur

322 818 408 842 cum
431 805 480 843 ita
501 805 725 850 laudabitur,
752 806 861 852 ‘Quo
883 806 999 842 modo
1020 818 1121 842 nunc
1142 807 1220 842 est?
1271 806 1361 841 Non
1381 811 1437 841 est
1457 803 1608 841 fidentis

321 870 394 905 hoc
415 869 675 906 testimonium
702 870 769 906 sed
796 868 921 916 potius
948 868 1125 905 timentis.
1185 867 1334 905 Herodi
1359 874 1486 904 autem
1507 880 1609 903 man-

321 933 450 969 daram
485 940 525 969 ut
560 919 775 984 mihi'xg-T&
806 933 908 985 μέζον
937 931 1125 969 scriberet.
1183 933 1218 967 A
1247 943 1323 979 quo
1351 931 1478 967 adhuc
1506 931 1610 966 nulla

321 994 442 1032 littera
471 1003 536 1032 est.
594 997 737 1032 Vereor
765 1008 813 1032 ne
842 994 936 1031 nihil
964 993 1138 1032 habuerit
1167 994 1272 1042 quod
1302 992 1404 1039 mihi,
1433 1006 1519 1030 cum
1550 1006 1609 1030 co-

320 1071 509 1107 gnossem,
532 1058 742 1095 iucundum
764 1065 911 1106 putaret
931 1059 1020 1095 fore.

276 1133 302 1169 4
373 1122 490 1168 Quod
519 1123 569 1158 ad
602 1123 803 1158 Xenonem
842 1121 1032 1170 scripsisti,
1065 1122 1175 1158 valde
1212 1120 1304 1157 mibi
1341 1128 1488 1169 gratum
1526 1128 1607 1168 est3

281 2020 297 2046 1

319 1183 412 1220 nihil
440 1184 540 1221 enim
566 1185 698 1221 deesse
720 1184 896 1222 Ciceroni
923 1197 1010 1221 cum
1036 1185 1085 1221 ad
1109 1183 1276 1220 officium
1305 1191 1385 1220 tum
1415 1185 1464 1221 ad
1487 1183 1608 1220 existi-

320 1247 527 1284 mationem
567 1260 691 1284 meam
730 1246 902 1295 pertinet.
974 1248 1186 1283 Flammam
1227 1245 1455 1282 Flaminium
1492 1246 1607 1283 audio

322 1312 469 1347 Romae
489 1323 581 1347 esse.
640 1311 701 1347 Ad
722 1323 809 1347 eum
830 1309 960 1358 scripsi
984 1323 1044 1347 me
1068 1309 1137 1347 tibi
1162 1311 1362 1347 mandasse
1383 1322 1448 1357 per
1467 1309 1607 1346 litteras

318 1380 358 1410 ut
392 1374 439 1410 de
471 1372 648 1410 Montani
677 1373 830 1421 negotio
859 1386 947 1410 cum
976 1385 1022 1410 eo
1056 1374 1261 1421 loquerere,
1293 1380 1330 1409 et
1358 1372 1470 1409 velim
1500 1384 1606 1409 cures

317 1435 517 1484 epistulam
552 1449 666 1484 quam
703 1437 752 1473 ad
790 1449 877 1473 eum
917 1435 1000 1472 misi
1038 1436 1274 1473 reddendam
1308 1442 1345 1472 et
1378 1434 1468 1483 ipse,
1501 1436 1606 1483 quod

317 1500 525 1536 commodo
554 1505 620 1535 tuo
649 1500 722 1543 fiat,
754 1512 841 1535 cum
871 1512 917 1535 eo
948 1500 1189 1547 conloquare.
1248 1500 1356 1543 Puto,
1388 1497 1418 1534 si
1447 1497 1539 1546 quid
1568 1497 1606 1534 in

318 1561 473 1599 homine
493 1561 648 1610 pudoris
672 1569 737 1606 est,
760 1569 1034 1609 praestaturum
1061 1575 1148 1598 eum
1173 1575 1220 1598 ne
1247 1574 1330 1598 sero
1356 1574 1443 1598 cum
1464 1562 1606 1598 damno

318 1626 565 1673 dependatur.
626 1626 684 1661 De
704 1624 831 1661 Attica
852 1632 1064 1673 pergratum
1086 1624 1178 1660 mibi
1205 1624 1325 1661 fecisti
1345 1624 1449 1672 quod
1469 1623 1606 1661 curasti

316 1695 404 1725 ante
425 1687 558 1724 scirem
579 1694 679 1724 recte
699 1700 780 1724 esse
801 1700 915 1735 quam
936 1701 1014 1724 non
1035 1688 1133 1724 belle
1153 1687 1277 1724 fuisse.

358 1831 489 1865 XVII
564 1833 631 1864 Ser.
652 1834 683 1863 in
701 1834 897 1873 Pompeiano
913 1834 944 1864 iv
959 1834 1043 1864 Non.
1064 1833 1141 1864 Mai.
1161 1844 1189 1864 (ι.
1212 1843 1267 1872 710
1287 1833 1371 1872 (44).

711 1919 877 1949 CICERO
904 1919 1078 1949 ATTICO
1108 1918 1210 1950 SAL.

369 2009 415 2044 In
450 2005 726 2055 Pompeianum
760 2006 845 2043 veni
879 2018 902 2042 V
937 2007 1068 2043 Nonas
1109 2005 1241 2050 Maias,
1275 2019 1361 2042 cum
1400 2005 1530 2053 pridie,
1563 2012 1604 2042 ut

315 2076 427 2107 antea
451 2070 499 2106 ad
524 2076 560 2106 te
586 2068 727 2117 scripsi,
752 2068 883 2105 Piliam
911 2068 949 2104 in
971 2069 1147 2106 Cumano
1176 2067 1484 2105 conlocavissem.
1543 2067 1603 2106 Ibi

362 2181 372 2199 1
399 2170 530 2200 laedere
546 2169 662 2199 Orelli:
686 2169 819 2199 laudare
836 2169 906 2200 M1:
931 2169 1052 2198 violare
1070 2168 1124 2197 M²
1267 2179 1284 2206 4
1309 2179 1405 2207 quom
1422 2173 1489 2199 vett.
1510 2181 1515 2199 :
1538 2179 1602 2207 que

316 2213 349 2242 in
368 2211 407 2240 ΓΛ
516 2222 551 2249 13
571 2222 766 2249 cognossem
792 2211 829 2240 I:
866 2221 1062 2249 cognoscem
1089 2211 1146 2240 M:
1183 2221 1415 2249 cognoscerem
1441 2211 1504 2240 cod.
1526 2212 1602 2241 Bal-

315 2255 460 2285 liolensis.
482 2257 516 2283 lt!
531 2253 591 2283 vid.
710 2264 749 2283 22
773 2263 849 2282 sero
867 2263 937 2283 cum
955 2254 1074 2284 damno
1094 2253 1206 2282 Orelli:
1235 2263 1332 2291 spero
1349 2254 1487 2291 quodam
1506 2254 1601 2283 modo

315 2297 374 2326 M:
397 2306 471 2325 sero
490 2295 646 2325 Montano
667 2296 716 2325 Fr.
736 2294 882 2325 Schmidt
1041 2305 1081 2337 24
1106 2300 1139 2325 ut
1149 2299 1223 2337 past
1238 2296 1355 2326 curasti
1372 2295 1444 2326 add.
1465 2290 1507 2326 ΖΒ
1527 2306 1555 2326 v.
1575 2305 1598 2325 c.

316 2339 342 2371 L
377 2349 478 2377 marg.
501 2361 508 2377 ,
527 2338 629 2376 sedes.
650 2338 743 2368 Fam.
765 2338 793 2367 ii.
811 2339 839 2367 8.
862 2348 873 2367 1

1629 499 1647 532 5

1628 817 1669 841 10

1628 1136 1664 1168 15

1626 1451 1665 1474 20

1623 1845 1661 1876 25
