1590 2730
66 133 134 169 XI.
153 131 242 167 xvii
535 132 587 167 M.
619 131 780 167 TVLLI
812 131 1106 168 CICERONIS

141 500 156 525 1

107 1498 156 1549 (1)

139 1950 163 1976 2

218 308 348 342 XVII
393 311 457 341 Ser.
477 311 725 349 Brnndt'st'pm'd.
745 311 793 340 Id.
815 315 874 339 ant
887 310 934 341 Id.
953 310 1026 340 Iun.
1048 321 1076 340 a.
1098 319 1154 349 707
1172 310 1252 349 (47).

576 403 745 433 CICERO
770 403 935 433 ATTICO
960 403 1058 433 SAL.

230 489 523 538 Properantibus
540 488 742 526 tabellariis
762 488 892 525 alienis
913 490 1011 525 hanc
1033 488 1232 536 epistulam
1250 487 1348 524 dedi.
1400 489 1457 524 Eo

176 552 323 590 brevior
356 560 411 590 est
441 560 476 590 et
508 554 612 601 quod
643 566 743 589 eram
779 551 959 588 missurus
990 559 1149 589 nostros,
1219 551 1346 587 Tullia
1374 564 1458 587 mea

175 615 277 654 venit
297 617 346 653 ad
372 629 433 653 me
457 629 508 664 pr.
533 616 626 652 Idus
653 614 782 652 Iunias
806 615 931 662 deque
957 622 1022 651 tua
1047 627 1133 662 erga
1156 627 1195 651 se
1219 612 1458 650 observantia
1476 625 1494 656 5

175 679 518 727 benevolentiaque
546 678 640 715 mihi
668 678 829 727 plurima
858 677 1030 726 exposuit
1049 677 1267 726 litterasque
1292 676 1458 714 reddidit

175 743 299 779 trinas.
350 744 431 790 Ego
452 750 579 778 autem
599 755 644 778 ex
663 740 780 790 ipsius
799 740 1205 790 x⁷irtute,ssiu1]ia11itate‚
1221 739 1360 788 pietate
1380 753 1459 776 non

176 807 293 843 modo
322 819 405 842 eam
431 806 665 853 voluptatem
695 817 772 840 non
801 803 885 852 cepi
908 817 1022 852 quam
1052 816 1186 851 capere
1211 816 1256 840 ex
1282 802 1459 851 singulari

176 868 250 904 filia
277 867 392 905 debui
423 868 489 904 sed
519 866 633 903 etiam
665 866 877 903 incredibili
911 879 995 902 sum
1024 867 1155 903 dolore
1183 866 1355 902 adfectus
1384 867 1459 903 tale

175 930 369 979 ingenium
390 930 427 966 in
448 937 525 966 tam
547 929 682 966 misera
702 930 852 965 fortuna
870 928 1007 965 versari
1027 928 1143 977 idque
1161 927 1334 965 accidere
1352 930 1459 966 nullo
1482 946 1516 966 10

175 993 291 1042 ipsius
315 993 455 1031 delicto
478 1006 629 1030 summa
655 994 766 1041 culpa
794 1005 887 1029 mea.
948 993 1082 1039 Itaque
1110 1005 1132 1028 a
1155 999 1191 1028 te
1219 1005 1344 1040 neque
1372 1005 1460 1028 con-

176 1056 401 1094 solationem
422 1056 495 1092 iam
517 1069 592 1104 qua
612 1069 750 1103 cupere
770 1063 806 1092 te
827 1054 881 1091 uti
900 1054 1012 1092 video
1039 1068 1109 1091 nec
1133 1054 1333 1091 consilium
1354 1055 1459 1102 quod

176 1119 259 1168 capi
283 1121 429 1156 nullum
449 1126 575 1167 potest
601 1126 779 1167 exspecto
807 1126 920 1166 teque
945 1117 1073 1155 omnia
1093 1131 1180 1154 cum
1204 1116 1459 1165 superioribus

176 1195 288 1230 saepe
308 1181 438 1219 litteris
459 1189 539 1219 tum
560 1181 740 1231 proximis
760 1189 965 1230 temptasse
986 1180 1174 1229 intellego.

219 1330 349 1363 XVII
362 1341 386 1363 a
471 1332 537 1363 Ser.
555 1333 712 1363 Brundisi
724 1334 792 1363 xvii
804 1333 844 1364 K.
868 1333 976 1372 Quint.
997 1343 1024 1363 (1.
1047 1341 1104 1371 707
1121 1331 1202 1371 (47).
1482 1338 1517 1369 15

575 1419 739 1448 CICERO
762 1419 792 1447 A
804 1418 937 1448 TTICO
959 1418 1062 1448 SAL.

230 1502 311 1548 Ego
358 1513 444 1536 cum
488 1499 664 1536 Sallustio
704 1499 929 1536 Ciceronem
976 1500 1025 1535 ad
1064 1499 1265 1536 Caesarem
1312 1497 1460 1534 mittere

176 1562 414 1611 cogitabam3
443 1562 608 1599 Tulliam
637 1569 765 1598 autem
794 1575 873 1598 non
900 1561 1077 1598 videbam
1107 1573 1189 1597 esse
1218 1573 1370 1597 causam
1395 1573 1460 1597 cur

176 1626 318 1664 diutius
361 1638 511 1662 mecum
558 1632 663 1662 tanto
710 1624 747 1661 in
795 1624 991 1661 communi
1038 1637 1206 1661 maerore
1247 1623 1458 1660 retinerem.

178 1690 314 1738 Itaque
347 1687 455 1725 matri
487 1701 580 1733 eam,
613 1701 700 1724 cum
734 1687 899 1736 primum
934 1701 1000 1737 per
1033 1687 1154 1736 ipsam
1188 1685 1325 1731 liceret,
1359 1699 1460 1723 eram
1477 1700 1519 1740 '20

176 1752 409 1790 remissurus.
469 1753 596 1796 Paeto,
613 1755 711 1799 †(1ue
730 1752 779 1788 ad
801 1753 960 1789 modum
981 1749 1225 1788 consolandis
1245 1748 1457 1797 scripsisti†‚

177 1823 309 1866 putato
338 1828 382 1852 ea
411 1828 471 1852 me
501 1814 693 1862 scripsisse
723 1828 820 1863 quae
850 1823 889 1852 tu
919 1815 999 1863 ipse
1028 1813 1212 1862 intellegis
1241 1812 1461 1861 responderi

178 1879 356 1928 potuisse.

233 1943 349 1988 Quod
380 1942 550 1990 Oppium
582 1949 708 1979 tecum
744 1941 875 1979 scribis
908 1942 1090 1986 locutum,
1124 1954 1201 1977 non
1234 1940 1410 1976 abhorret
1440 1951 1462 1975 a

181 2018 264 2041 mea
297 2004 512 2053 suspicione
550 2005 629 2042 eius
668 2005 797 2042 oratio.
860 2006 935 2041 Sed
973 2017 1050 2041 non
1089 2003 1223 2040 dubito
1257 2001 1348 2050 quin
1382 2001 1460 2038 istis
1482 2016 1518 2046 25

225 2115 259 2142 15
282 2105 354 2135 ln‘nc
369 2116 486 2135 novam
505 2106 671 2144 epistulam
689 2106 792 2144 insipit
808 2104 953 2134 Schmidt
1066 2114 1106 2133 20
1124 2104 1217 2133 matri
1235 2113 1306 2133 eam
1322 2103 1438 2132 Rosius
1453 2113 1459 2132 z

179 2148 328 2177 ematiam
341 2148 395 2177 M:
414 2159 483 2177 eam
498 2148 553 2177 tibi
569 2149 630 2177 iam
642 2148 669 2177 L
683 2148 830 2186 (margstn
851 2147 991 2184 Egnatia
1003 2156 1072 2175 eam
1086 2145 1229 2175 Sclnmdl
1300 2155 1336 2174 21
1358 2145 1460 2174 Paeto

179 2190 325 2219 Scltmz'dt
348 2189 486 2219 Msillcr:
519 2200 578 2228 pro
601 2200 639 2220 ea
660 2189 743 2220 codd.
762 2189 847 2227 vulg.
936 2199 1031 2226 quam
1053 2189 1093 2217 ad
1116 2189 1245 2217 modum
1263 2187 1462 2218 consolantis

179 2233 338 2270 scripsisti
365 2234 473 2271 vulg:
509 2233 563 2270 qui
591 2233 632 2261 ad
658 2233 786 2261 modum
811 2230 1012 2261 consolantis
1039 2231 1169 2268 scripsit
1193 2230 1270 2259 mihi
1294 2229 1461 2259 Schmidt:

179 2285 273 2311 quem
291 2276 331 2304 ad
350 2276 479 2303 modum
499 2274 681 2304 consulenti
698 2274 853 2312 scripsisti
873 2272 992 2302 Mz'illet·
1110 2283 1149 2301 22
1174 2278 1285 2310 putato
1303 2283 1340 2301 ea
1357 2270 1460 2300 Mala-

178 2316 290 2354 spina:
326 2317 359 2346 P.
380 2320 467 2346 tanta
489 2327 528 2346 eo
551 2316 660 2346 codd.:
695 2317 793 2354 pudet
817 2320 905 2345 tanta
927 2326 967 2344 eo
992 2315 1018 2344 C
1037 2325 1074 2344 ex
1094 2315 1169 2344 coni.
1189 2314 1323 2344 Ascensi
1338 2312 1396 2352 (ed.
1421 2313 1459 2351 Ι),

180 2358 214 2395 cs]
234 2358 402 2387 Lehmann
423 2357 522 2388 ‘Alfi’
539 2368 588 2395 59,
608 2359 649 2387 60
