1590 2730
56 161 270 198 X111.x1v
557 162 611 198 M.
642 162 805 198 TVLLI
836 162 1133 199 CICERONIS

203 277 349 318 praeter
365 269 518 319 praedia
532 268 655 318 primo
671 282 825 318 quoque
838 277 1009 318 tempore
1025 269 1103 307 fieri
1119 277 1302 318 oportere.
1338 267 1487 307 Scribas

202 335 251 371 ad
283 346 343 370 me
373 332 483 370 velim
514 332 606 381 quid
640 332 707 370 tibi
742 335 898 381 placeat.
958 332 1147 381 Equidem
1177 332 1207 369 si
1236 346 1280 369 ex
1309 331 1487 369 omnibus

204 404 301 434 esset
334 396 565 444 eligendum,
600 408 671 433 nec
704 395 981 444 diligentiorem
1013 409 1084 433 nec
1115 395 1378 432 officiosiorem
1416 408 1488 432 nec

204 472 264 496 me
293 461 445 496 hercule
474 457 592 496 nostri
621 457 887 496 studiosiorem
914 458 1023 496 facile
1049 457 1273 507 delegissem
1298 458 1486 504 Vestorio,

201 524 249 560 ad
271 536 384 570 quem
412 521 712 559 accuratissimas
739 521 880 558 litteras
904 521 1017 567 dedi3
1046 522 1151 569 quod
1171 520 1273 558 idem
1299 528 1336 558 te
1355 520 1488 558 fecisse
1509 534 1524 563 5

201 585 369 622 arbitror.
430 584 527 621 Mihi
555 584 711 632 quidem
739 585 812 621 hoc
841 584 930 621 satis
950 584 1107 621 videtur.
1164 585 1225 621 Tu
1245 583 1338 632 quid
1363 583 1489 621 dicis?

202 650 331 684 Vnum
360 647 461 684 enim
491 647 623 695 pungit
653 660 700 684 ne
729 646 1028 696 neglegentiores
1055 659 1136 684 esse
1156 646 1360 684 videamur.
1419 648 1488 683 Ex-

203 711 385 759 spectabo
406 710 516 758 igitur
536 718 618 746 tuas
638 709 789 746 litteras.

245 850 388 884 XLVI
475 852 542 883 Scr.
562 853 594 882 in
615 851 794 882 Tusculano
805 853 887 891 prid.
906 852 954 883 Id.
973 852 1055 883 Sext.
1075 862 1104 882 α.
1124 862 1180 892 709
1198 852 1276 892 (45).

600 936 769 968 CICERO
791 937 966 967 ATTICO
989 937 1090 967 SAL.
1508 948 1545 969 10

171 1038 186 1063 1
259 1025 388 1061 Pollex
426 1023 592 1072 quidem,
633 1031 674 1060 ut
711 1023 853 1061 dixerat
890 1025 940 1061 ad
979 1024 1071 1061 Idus
1109 1023 1267 1069 Sextilis,
1308 1023 1359 1061 ita
1396 1023 1489 1060 mihi

206 1087 352 1125 Lanuvi
373 1086 493 1135 pridie
515 1087 607 1124 Idus
628 1094 778 1135 praesto
798 1086 877 1132 fuit,
896 1088 962 1123 sed
982 1088 1094 1135 plane
1113 1088 1251 1135 pollex,
1265 1099 1343 1123 non
1363 1087 1486 1124 index.

165 1160 188 1185 2
207 1153 426 1199 Cognosces
456 1150 566 1199 igitur
594 1163 638 1187 ex
669 1150 761 1198 ipso.
820 1151 983 1187 Balbum
1017 1149 1355 1199 conveni—Lepta
1387 1150 1489 1187 enim

206 1216 254 1252 de
275 1228 342 1252 sua
361 1227 561 1251 munerum
583 1213 778 1251 curatione
802 1214 977 1251 laborans
1002 1227 1063 1251 me
1088 1215 1136 1251 ad
1158 1227 1245 1251 eum
1265 1216 1490 1262 perduxerat

207 1278 296 1314 -—-in
316 1290 362 1315 eo
382 1284 509 1314 autern
531 1276 732 1313 Lanuvino
757 1277 860 1324 quod
883 1275 1030 1325 Lepido
1051 1276 1214 1313 tradidit.
1274 1278 1329 1313 Ex
1350 1290 1396 1314 eo
1415 1278 1489 1314 hoc
1512 1290 1546 1322 15

206 1341 379 1389 primum,
422 1341 566 1376 ‘Paulo
607 1346 695 1376 ante
734 1352 954 1387 acceperam
998 1351 1060 1376 eas
1097 1339 1237 1376 litteras
1275 1339 1313 1376 in
1352 1339 1489 1388 quibus

206 1417 344 1453 magno
364 1416 478 1452 opere
498 1403 697 1439 confirmat
720 1409 808 1439 ante
828 1403 939 1439 ludos
967 1403 1187 1439 Romanos!
1243 1402 1334 1451 Legi
1354 1403 1490 1451 epistu-

205 1469 290 1504 lam.
350 1467 474 1503 Multa
507 1467 555 1502 de
589 1478 676 1502 meo
709 1466 868 1510 Catone,
902 1478 978 1513 quo
1009 1464 1228 1513 saepissime
1257 1467 1419 1514 legendo
1450 1479 1490 1503 se

205 1529 296 1567 dicit
323 1528 573 1577 copiosiorem
602 1529 754 1572 factum,
778 1526 883 1564 Bruti
904 1527 1052 1564 Catone
1078 1528 1177 1565 lecto
1205 1540 1245 1565 se
1271 1528 1342 1565 sibi
1366 1528 1488 1566 visum

163 1602 186 1638 3
205 1592 397 1630 disertum.
442 1593 536 1629 Tum
553 1604 598 1628 ex
618 1603 664 1627 eo
679 1589 839 1638 cognovi
860 1589 1066 1627 cretionem
1084 1590 1195 1628 Cluvi
1217 1590 1256 1641 (o
1271 1592 1487 1629 Vestorium
1509 1607 1546 1629 20

206 1657 467 1704 neglegentem
485 1657 509 1703 l)
537 1653 694 1690 liberam
711 1652 916 1690 cretionem
934 1652 1093 1690 testibus
1114 1654 1374 1702 praesentibus
1390 1668 1490 1692 sexa-

203 1719 307 1767 ginta
326 1719 471 1756 diebus.
531 1717 755 1755 Metuebam
780 1730 828 1754 ne
848 1717 910 1754 ille
933 1718 1182 1755 arcessendus
1208 1725 1316 1755 esset.
1375 1719 1490 1755 Nunc

205 1783 434 1820 mittendum
463 1789 519 1819 est
548 1788 589 1818 ut
618 1794 705 1818 meo
734 1780 837 1818 iussu
867 1788 1005 1818 cernat.
1065 1782 1175 1818 Idem
1206 1781 1316 1830 igitur
1348 1783 1487 1819 Pollex.

206 1846 330 1883 Etiam
360 1847 408 1883 de
437 1845 553 1882 hortis
575 1844 770 1883 Cluvianis
800 1844 857 1893 egi
888 1858 974 1881 curn
1006 1845 1137 1882 Balbo.
1196 1845 1260 1882 Nil
1287 1845 1486 1882 liberalius.

203 1912 251 1947 Se
284 1908 384 1946 enim
417 1908 542 1946 statim
573 1910 622 1946 ad
651 1909 853 1946 Caesarem
885 1907 1124 1956 scripturum,
1155 1908 1331 1946 Cluvium
1360 1915 1487 1946 autem
1509 1923 1544 1954 25

201 1985 222 2008 a
253 1974 296 2008 T.
330 1971 557 2009 Hordeonio
585 1972 710 2020 legare
738 1979 775 2008 et
803 1970 1004 2008 Terentiae
1035 1973 1102 2008 Hs
1134 1983 1220 2008 1303
1250 1979 1286 2008 et
1315 1973 1488 2019 sepulcro

247 2083 260 2102 1
286 2073 419 2112 praedia
445 2072 556 2102 ORP:
583 2073 720 2111 prandia
738 2077 763 2101 Δ
914 2081 944 2108 3,
962 2083 980 2109 4
994 2076 1191 2111 postremum
1209 2083 1268 2102 nec
1285 2096 1291 2102 .
1312 2095 1319 2102 .
1340 2096 1346 2103 .
1366 2073 1488 2102 studio-

202 2115 319 2145 siorem
338 2115 433 2154 Crat,
453 2115 587 2153 ilemque
602 2125 630 2144 v.
644 2126 666 2145 c.
690 2115 713 2144 l.
732 2113 873 2152 (mfflg.)
893 2109 936 2143 ΖΒ
966 2113 1021 2143 sed
1039 2114 1075 2143 ln'
1093 2115 1243 2143 omittunt
1261 2115 1464 2153 mehercule)
1481 2126 1487 2145 :

202 2168 264 2187 om.
288 2160 340 2188 ΣΔ
456 2167 489 2186 11
515 2158 555 2187 ad
574 2157 621 2187 Id.
643 2157 732 2187 Sext.
751 2156 808 2186 del.
825 2155 945 2185 Sclnztz
1062 2166 1098 2194 14
1123 2166 1293 2186 munerum
1315 2158 1366 2193 (ex
1381 2158 1486 2194 mun.)

202 2200 370 2230 curatione
387 2199 534 2230 Schmidt
550 2199 613 2230 coll.
638 2200 730 2229 Fam.
749 2200 789 2228 vi.
812 2208 859 2236 19.
879 2208 919 2227 2:
954 2199 1019 2228 viin
1043 2199 1211 2228 curatione
1229 2198 1283 2229 M:
1308 2199 1374 2229 vini
1397 2209 1487 2229 cura-

202 2242 290 2272 tione
306 2253 333 2272 v.
350 2253 370 2272 c.
389 2241 508 2280 Ivulg.
528 2252 534 2271 :
558 2242 745 2279 liguritione
764 2240 943 2270 Gronovius
958 2241 1024 2271 coll.
1045 2241 1139 2271 Fam.
1161 2242 1203 2271 xi.
1225 2250 1274 2272 21.
1293 2250 1311 2278 5
1449 2251 1484 2280 17

201 2288 272 2314 ante
289 2285 456 2314 confirmat
473 2283 546 2313 add.
567 2294 602 2313 se
620 2288 642 2314 Σ
661 2284 742 2313 Crat.
912 2283 949 2311 18
972 2294 1035 2321 quo
1052 2293 1080 2313 v.
1097 2294 1120 2314 c.
1134 2282 1161 2312 L
1177 2283 1312 2322 (marg.)
1331 2278 1398 2313 Zb:
1423 2294 1486 2322 que

202 2325 255 2357 M:
281 2337 378 2364 quem
395 2327 570 2356 Ascensz'us
711 2336 752 2355 20
775 2326 857 2354 Tum
874 2324 948 2355 add.
972 2325 1125 2355 Graevius
1265 2335 1316 2364 20,
1337 2335 1374 2354 21
1393 2325 1485 2356 Cluvi

201 2392 208 2398 .
231 2392 259 2398 ,.
281 2369 458 2398 cretionem
485 2368 569 2398 Crat.
597 2362 662 2398 Zb:
700 2378 753 2396 om
784 2371 836 2398 ΣΔ
1002 2378 1039 2404 24
1069 2367 1120 2396 Nil
1147 2367 1312 2398 liberalius
1343 2366 1486 2398 Lama:

202 2411 392 2441 illiberalius
408 2410 546 2440 CORP:
572 2410 738 2440 liberalius
756 2409 795 2438 M
