1690 2710
542 134 650 171 EPP.
682 135 757 169 AD
786 132 1038 170 ATTICVM
1352 131 1435 166 XV.
1451 128 1529 165 ‘xxi

147 243 230 282 bus.
286 244 338 280 At
366 254 436 291 ego
459 241 534 279 iam
558 240 786 278 destinaram
809 241 1053 288 Hydruntem
1078 238 1244 288 quidem.
1304 239 1435 275 Move-

148 306 240 344 bant
268 319 330 343 me
357 312 444 343 tuae
472 304 641 353 quinque
670 305 795 340 horae.
855 302 933 340 Hie
961 309 1089 339 autem
1109 308 1273 350 quantus
1298 303 1435 340 πλοῦςὶ

148 369 224 406 Sed
243 367 468 406 videbimus.
509 367 643 404 Nullas
663 379 685 403 a
700 373 736 403 te
756 377 798 402 xr
814 367 900 403 Kal.
941 365 1109 415 Quippe,
1124 364 1216 413 quid
1237 364 1337 401 enim
1360 363 1434 401 iam

147 431 265 469 novi?
311 432 410 470 Cum
431 430 595 480 primum
615 429 725 478 igitur
745 428 894 478 poteris,
911 428 1049 466 venies.
1109 430 1191 477 Ego
1211 440 1370 477 propero
1387 440 1435 465 ne

110 508 126 540 5
146 503 236 533 ante
255 496 398 541 Sextus,
422 506 536 543 quem
556 494 761 531 adventare
780 493 896 530 aiunt.

189 599 321 634 XXII
363 601 428 633 δαν.
448 602 482 632 r‘n
499 600 677 631 Tusculano
694 611 713 631 v
729 600 769 630 K.
789 599 899 639 Quint.
922 609 1019 629 mane
1034 609 1062 630 α.
1085 608 1139 638 710
1157 598 1242 639 (44).

539 675 704 706 CICERO
734 673 908 705 ATTICO
936 672 1038 705 SAL.

199 747 377 785 Gratulor
412 745 524 784 nobis
558 745 746 794 Quintum
785 745 903 782 filium
942 743 1071 782 exisse.
1130 744 1318 781 Molestus
1355 756 1433 781 non

146 809 224 847 erit.
292 811 455 847 Pansam
486 809 585 847 bene
618 808 723 857 loqui
760 809 885 846 credo.
954 809 1111 856 Semper
1143 806 1245 844 enim
1279 806 1434 844 coniun-

91 887 127 908 10
146 881 250 911 ctum
279 886 361 911 esse
390 887 476 911 cum
499 873 628 911 Hirtio
657 872 759 919 sei03
791 871 1063 909 amicissimum
1092 873 1210 908 Bruto
1239 878 1275 908 et
1299 870 1434 909 Cassio

146 944 250 986 puto,
272 936 302 974 si
323 936 497 986 expediet
518 936 603 985 (sed
627 937 782 985 quando
807 935 889 972 illos
915 934 1059 972 videbit
1075 934 1117 984 ?),
1140 933 1336 971 inimicum
1358 935 1434 970 An-

146 1000 262 1046 tonio,
285 1001 441 1049 quando
463 1007 528 1037 aut
548 1001 642 1037 cur?
697 1001 911 1047 Quousque
939 999 1145 1035 ludemur?
1200 999 1282 1046 Ego
1305 1005 1433 1034 autem

145 1063 276 1112 scripsi
307 1064 461 1101 Sextum
491 1064 707 1108 adventare,
740 1074 818 1100 non
851 1074 928 1110 quo
959 1061 1033 1098 iam
1066 1062 1216 1098 adesset
1246 1061 1313 1098 sed
1345 1060 1434 1109 quia

145 1135 245 1165 certe
276 1127 315 1164 id
344 1134 470 1176 ageret
499 1127 548 1164 ab
578 1126 767 1174 armisque
805 1127 930 1162 nullus
967 1125 1190 1163 discederet.
1247 1125 1370 1169 Certe,
1403 1123 1433 1161 si

90 1202 125 1234 ¹5
146 1190 276 1240 pergit,
307 1190 449 1227 bellum
479 1197 651 1239 paratum
683 1196 749 1226 est.
808 1187 886 1225 Hie
914 1195 1041 1225 autem
1071 1195 1199 1225 noster
1232 1186 1432 1235 Cytherius

145 1245 217 1291 nisi
245 1253 427 1290 victorem
457 1252 651 1290 neminem
680 1251 877 1289 victurum.
936 1250 1040 1298 Quid
1074 1251 1123 1288 ad
1157 1251 1251 1287 haec
1280 1250 1434 1287 Pansa?

145 1316 270 1354 utrobi
291 1317 368 1363 erit,
392 1316 422 1353 si
450 1316 591 1353 bellum
613 1315 710 1352 erit?
747 1316 851 1364 quod
872 1314 1020 1352 videtur
1039 1315 1128 1352 fore.
1186 1314 1262 1352 Sed
1282 1321 1318 1352 et
1338 1314 1433 1352 haec

145 1388 182 1419 et
201 1380 274 1418 alia
293 1393 420 1418 coram
441 1378 556 1417 hodie
576 1378 742 1428 quidem,
766 1385 807 1416 ut
827 1377 968 1424 scribis,
990 1384 1055 1415 aut
1075 1390 1166 1415 cras.

187 1487 342 1522 XXIII
388 1490 453 1521 Ser.
474 1491 506 1520 ιἰι
529 1489 708 1520 Tusculano
723 1489 850 1520 vt'z‘iaut
866 1489 909 1519 vsi
923 1488 963 1518 K.
985 1487 1095 1527 Quint.
1116 1498 1145 1519 α.
1167 1498 1221 1527 710
1240 1487 1324 1529 (44).

89 1578 126 1599 20
537 1564 704 1596 CICERO
732 1564 908 1595 ATTICO
935 1562 1036 1596 SAL.

198 1636 359 1674 Mirifice
379 1643 568 1685 torqueor,
591 1636 672 1673 sine
695 1636 828 1673 dolore
857 1641 1008 1680 tamem
1041 1635 1108 1672 sed
1132 1635 1318 1683 permulta
1338 1633 1432 1673 mihi

143 1700 192 1737 de
212 1707 342 1738 nostro
367 1699 500 1737 itinere
526 1699 564 1736 in
591 1706 791 1747 utramque
814 1705 958 1746 partem
986 1704 1197 1735 occurrunt.
1259 1699 1432 1745 ‘Quous-

144 1765 270 1812 que?'
300 1762 459 1811 inquies.
518 1763 659 1810 Quoad
692 1760 761 1799 erit
793 1760 1009 1809 integrum3
1049 1760 1118 1798 erit
1150 1768 1277 1798 autem
1310 1773 1431 1810 usque

144 1827 237 1864 dum
265 1827 314 1864 ad
343 1839 489 1864 navem.
548 1827 671 1863 Pansa
700 1825 730 1862 si
759 1832 845 1863 tuae
874 1824 1116 1873 rescripserit,
1144 1832 1181 1861 et
1209 1837 1332 1861 meam
1362 1823 1431 1861 tibi

87 1900 124 1933 25
145 1897 183 1928 et
226 1889 323 1927 illius
367 1890 568 1939 epistulam
612 1889 771 1926 mittam.
847 1888 981 1926 Silium
1026 1888 1317 1937 exspectabam3
1369 1886 1430 1924 cui

144 1954 403 2003 hypomnema
448 1952 716 2002 compositum,
765 1951 796 1989 si
842 1951 936 2000 quid
981 1950 1081 1989 novi.
1156 1952 1240 1999 Ego
1289 1950 1430 1988 litteras

189 2065 201 2085 1
230 2056 417 2093 Hydrunte.
466 2055 520 2085 Me
536 2055 669 2093 quidem
686 2054 861 2084 movebant
879 2054 953 2084 coni.
970 2053 1054 2084 Boot
1157 2064 1175 2082 2
1200 2053 1287 2082 Hinc
1303 2052 1434 2082 Ernesti

146 2107 180 2130 11
206 2098 252 2128 illi
268 2098 453 2128 videbitur?
479 2098 532 2136 (sc.
549 2097 698 2137 expedire)
714 2097 843 2127 Gracter
971 2106 1005 2134 17
1031 2095 1134 2126 utrobi
1153 2096 1215 2125 erit
1231 2095 1362 2133 qufdam
1377 2100 1427 2134 ap.

143 2140 281 2170 Lamb.:
315 2145 386 2169 utro
409 2140 471 2169 erit
498 2139 608 2170 codd.:
643 2149 715 2169 cum
740 2144 812 2169 utro
847 2140 909 2169 erit
935 2138 998 2169 cod.
1030 2137 1158 2167 Vrsini:
1197 2143 1341 2167 utrorum
1365 2138 1429 2166 erit

143 2182 285 2221 Kayser:
309 2188 381 2212 utro
395 2182 543 2212 conferet
556 2192 592 2211 se
603 2181 723 2212 Mzillcr
820 2192 859 2219 24
884 2186 959 2210 tuae
981 2180 1120 2210 Ve‘trz'oli:
1145 2185 1199 2209 tue
1216 2179 1300 2210 codd.
1317 2191 1323 2210 ε
1348 2179 1428 2208 mihi

147 2223 348 2264 Wesenberg:
384 2234 447 2255 om.
470 2223 561 2254 Man.
702 2226 742 2253 26
766 2224 989 2261 compositum⁷
1009 2223 1035 2252 si
1063 2221 1148 2252 codd.
1169 2221 1283 2252 Lamb.
1302 2233 1309 2252 ι
1343 2230 1428 2251 com·

143 2267 326 2305 positumst.
377 2265 412 2296 Si
430 2267 507 2297 coni.
526 2266 626 2296 Orelli
716 2267 742 2296 si
767 2266 845 2304 quid
864 2266 938 2295 novi
956 2265 1152 2304 transposuit
1167 2268 1240 2304 post
1256 2268 1426 2303 exspecta-

142 2309 214 2339 bam
231 2308 353 2339 Schatz

1284 2405 1345 2436 35*
