1590 2730
667 455 823 493 SIGLA

264 598 293 631 C
308 612 340 624 =
362 609 486 641 margo
504 597 671 631 editionis
691 597 953 631 Cratandrinae
969 597 1146 639 (Basileae
1169 598 1270 640 1528)

186 653 284 687 Crat.
305 669 337 681 =
356 654 528 688 lectiones
547 654 581 687 in
601 660 698 686 textu
717 653 885 687 editionis
905 653 1165 687 Cratandrinae

258 710 292 742 Z
309 725 341 736 =
361 711 473 743 codex
492 710 733 743 Tornesianus
753 709 824 742 iarn
843 710 1051 753 deperditus
1072 709 1159 751 (vid.
1180 709 1307 752 Praef.)

100 765 152 806 ΖΙ,
167 765 226 808 Ζ”,
240 766 284 799 Zl
304 782 335 793 =
356 767 468 800 codex
505 766 753 800 Tornesianus
796 766 993 800 secundum
1030 766 1193 799 Lambini
1232 774 1265 799 et
1309 766 1393 799 Bosi

405 830 439 856 et
458 823 615 856 Turnebi
633 822 838 856 testimonia

164 880 286 913 Lamb.
306 895 337 906 =
359 879 529 913 lectiones
544 880 578 912 in
593 886 688 913 textu
703 879 870 913 editionis
885 879 1145 913 Lainbinianae
1158 880 1213 913 vel
1226 879 1392 913 Lambini

403 937 628 970 coniecturae

103 993 131 1025 L
146 992 290 1035 (κυανέη)
309 1010 343 1021 =
363 992 533 1026 lectiones
553 992 717 1026 Lambini
737 992 771 1025 in
790 1004 900 1035 marg.
920 991 1088 1026 editionis
1107 992 1313 1035 posterioris

214 1060 247 1081 τ’.
263 1060 289 1082 c.
308 1065 341 1076 =
361 1049 532 1082 lectiones
551 1048 680 1082 veteris
702 1049 835 1082 codicis
855 1049 1021 1091 (sortasse
1042 1049 1081 1091 Z)
1103 1048 1138 1081 in
1156 1048 1317 1091 margine
1338 1048 1393 1081 ed.

407 1105 667 1138 Lambinianae
684 1105 891 1148 posterioris

241 1161 290 1193 W
306 1177 338 1188 =
356 1161 557 1204 fragmenta
581 1161 714 1194 codicis
733 1160 1066 1203 wurceburgensis,
1086 1161 1190 1194 saecl.
1214 1168 1249 1194 ut
1269 1160 1338 1194 vid.
1361 1160 1393 1193 xi

407 1218 567 1251 exeuntis
585 1218 640 1250 vel
659 1217 703 1250 xii
724 1216 876 1250 ineuntis

248 1350 296 1381 M
312 1364 344 1376 =
363 1349 475 1383 codex
494 1349 680 1382 Mediceus
698 1358 753 1391 49.
776 1349 826 1389 18,
845 1349 927 1382 anni
952 1350 1036 1391 1389

274 1418 290 1438 s
309 1422 342 1433 =
365 1407 475 1439 codex
491 1406 650 1439 Vrbinas
669 1405 703 1439 in
722 1405 807 1440 bibl.
828 1405 1006 1439 Vaticana
1024 1415 1100 1447 322,
1122 1407 1227 1440 saecl.
1246 1418 1289 1439 xv

263 1469 289 1494 Δ
309 1478 341 1489 =
361 1473 558 1496 consensus
578 1462 740 1496 codicum
767 1462 803 1494 M
823 1468 858 1495 et
876 1473 893 1494 s

256 1596 291 1628 E
310 1611 341 1622 =
361 1601 527 1638 excerpta
544 1594 785 1629 Ambrosiana
803 1595 833 1627 E
857 1604 906 1637 14,
927 1595 1033 1628 saecl.
1052 1602 1088 1629 ut
1109 1595 1178 1629 vid.
1196 1596 1253 1629 xiv

254 1652 344 1683 N=
362 1651 476 1685 codex
504 1651 765 1685 Laurentianus
795 1662 836 1685 ex
866 1651 1013 1685 abbatia
1042 1651 1247 1686 Florentina
1276 1664 1308 1686 n.
1342 1663 1394 1695 14,

406 1708 511 1742 saecl.
531 1707 589 1741 xiv
606 1707 766 1741 exeuntis
784 1708 839 1741 vel
861 1720 905 1741 xv
924 1707 1078 1742 ineuntis

251 1766 342 1798 H=
363 1765 477 1799 codex
506 1765 712 1798 Landianus
744 1764 778 1797 in
807 1764 892 1797 bibl.
928 1764 1137 1798 Placentina
1170 1766 1202 1807 8,
1234 1766 1394 1800 eiusdem

405 1820 533 1854 aetatis

266 1892 290 1910 π
310 1892 343 1904 =
363 1877 473 1910 codex
500 1876 682 1910 Parisinus
701 1876 736 1909 in
755 1877 840 1910 bibl.
865 1876 1034 1910 nationali
1062 1879 1194 1919 (Nouv.
1213 1878 1334 1912 Fonds
1358 1879 1397 1912 16

409 1934 503 1975 248),
522 1933 593 1967 fere
611 1934 772 1967 eiusdem
791 1934 920 1967 aetatis

262 1991 342 2023 O=
361 1991 474 2024 codex
503 1990 737 2024 Taurinensis
768 1990 789 2023 i.
821 1998 849 2033 5.
880 2000 921 2032 34
953 1990 986 2023 in
1017 1990 1100 2024 bibl.
1130 1991 1394 2034 Vniversitatis,

410 2047 517 2080 saecl.
535 2058 579 2079 xv

258 2104 290 2135 P
308 2117 341 2129 =
361 2102 474 2135 codex
502 2102 683 2135 Parisinus
712 2102 746 2135 in
775 2101 857 2135 bibl.
888 2102 1059 2136 nationali
1091 2103 1193 2146 8536,
1220 2105 1324 2137 saecl.
1351 2117 1395 2137 xv

405 2158 560 2193 ineuntis

258 2217 291 2248 R
310 2230 342 2241 =
362 2216 475 2249 codex
494 2214 679 2249 Parisinus
698 2215 732 2248 in
750 2215 836 2249 bibl.
853 2215 1024 2249 nationali
1043 2216 1146 2258 8538,
1164 2216 1248 2249 anni
1271 2226 1356 2260 1419

265 2276 287 2303 Σ
308 2287 340 2298 =
360 2282 557 2305 consensus
575 2271 739 2305 codicum
759 2272 939 2305 ENHOP
959 2279 1020 2306 aut
1040 2273 1144 2306 EOR
1162 2279 1222 2307 aut
1244 2274 1343 2307 ORP
