1590 2730
544 131 652 166 EPP.
684 131 759 166 AD
788 130 1038 177 ATTICVM
1374 131 1440 168 IX.
1459 140 1487 166 v

152 235 322 273 miserius
352 235 445 273 nihil
475 249 590 286 quam
621 250 666 274 ea
696 236 822 274 videre
853 249 951 285 quae
982 244 1109 274 tamen
1142 237 1227 282 iam,
1263 237 1431 286 inquam,

150 298 315 336 videnda
334 306 452 336 erunt.

204 361 290 398 Fuit
325 364 428 410 apud
466 376 527 400 me
566 365 779 408 Postumus,
820 362 951 412 scripsi
988 364 1037 400 ad
1075 371 1111 400 te
1149 376 1262 411 quam
1301 362 1432 411 gravis.

150 424 266 462 Venit
288 426 338 462 ad
367 438 428 462 me
455 425 569 463 etiam
591 427 638 473 Q.
662 427 792 463 Fufius
819 439 897 475 quo
923 427 1041 472 vultu,
1062 439 1139 474 quo
1168 425 1298 474 spiritu
1319 429 1325 462 1
1354 439 1435 474 pro—

114 500 130 530 5
150 501 285 537 perans
319 488 578 536 Brundisium,
607 491 730 527 scelus
759 502 943 527 accusans
977 489 1149 537 Pompei,
1178 489 1368 527 levitatem
1398 496 1435 526 et

150 551 345 589 stultitiam
384 559 546 589 senatus.
616 554 727 590 Haec
764 552 827 601 qui
867 552 904 589 in
944 566 1028 590 mea
1064 553 1151 589 villa
1188 565 1265 589 non
1304 553 1432 597 feram,

151 613 324 652 Curtium
356 613 394 651 in
425 615 527 652 curia
564 623 697 664 potero
734 617 857 653 ferre?
881 628 883 630 ·
910 618 1003 664 Age,
1040 616 1138 664 finge
1172 628 1232 652 me
1261 614 1433 663 quamvis
1452 622 1476 649 2

150 679 391 727 εὖστομάχως,
418 679 512 715 haec
547 679 727 716 ferentem
745 693 753 724 3
796 679 888 727 quid
923 678 986 716 illa
1018 680 1132 725 ‘D1C,
1171 680 1225 715 M.
1257 679 1435 714 TVLL1’?

150 754 265 789 quem
295 741 492 779 habebunt
521 741 695 780 exitum?
752 744 801 779 Et
830 742 965 780 omitto
995 755 1147 779 causam
1177 741 1228 778 rei
1260 740 1435 789 publicae

94 816 132 838 10
150 817 265 853 quam
286 817 357 853 ego
377 804 555 841 amissam
587 813 680 854 puto
709 819 796 842 cum
827 805 1044 842 vulneribus
1071 805 1147 842 suis
1172 812 1251 842 tum
1273 804 1435 842 medica-

151 867 289 904 mentis
321 867 364 904 iis
397 880 495 916 quae
526 876 714 916 parantur,
747 870 796 906 de
832 868 1016 917 Pompeio
1049 868 1141 917 quid
1173 870 1312 916 agam?
1344 867 1435 917 quoi

150 931 263 978 plane
294 930 405 980 (quid
437 931 537 968 enim
572 932 646 968 hoc
675 945 809 980 negem
823 932 855 979 Ρ)
885 931 1091 969 suscensui.
1149 933 1306 980 Semper
1334 931 1436 968 enim

151 1006 205 1029 me
238 1007 374 1030 causae
414 1002 635 1032 eventorum
677 994 795 1043 magis
827 1002 981 1032 movent
1019 1008 1133 1044 quam
1172 994 1253 1043 ipsa
1289 1002 1434 1032 eventa.

153 1058 263 1094 Haec
292 1057 401 1106 igitur
425 1059 524 1094 mala
543 1058 699 1107 (quibus
729 1058 872 1096 maiora
890 1071 973 1096 esse
996 1071 1093 1107 quae
1117 1065 1276 1106 possunt
1289 1057 1321 1108 ?)
1349 1071 1437 1094 con-

95 1132 130 1163 15
151 1120 319 1158 siderans
351 1123 409 1159 vel
443 1121 568 1170 potius
600 1121 772 1159 iudicans
799 1121 878 1159 eius
905 1135 1020 1170 opera
1047 1121 1230 1158 accidisse
1259 1128 1295 1158 et
1324 1122 1436 1169 culpa

149 1182 337 1221 inimicior
357 1197 458 1221 eram
480 1184 569 1221 huic
594 1198 708 1232 quarn
736 1184 806 1233 ipsi
827 1184 989 1223 Caesari.
1047 1186 1098 1221 Vt
1128 1184 1287 1221 maiores
1316 1183 1433 1220 nostri

150 1248 395 1286 funestiorem
431 1249 533 1287 diem
568 1262 650 1286 esse
689 1250 890 1286 voluerunt
923 1247 1102 1286 Alliensis
1132 1261 1281 1297 pugnae
1319 1260 1433 1296 quam

149 1310 252 1348 urbis
273 1319 418 1360 captae,
435 1313 540 1361 quod
561 1313 634 1350 hoc
656 1314 797 1349 malum
819 1325 863 1349 ex
884 1311 947 1349 illo
970 1311 1112 1361 (itaque
1133 1313 1225 1348 alter
1241 1310 1434 1359 religiosus

149 1373 261 1411 etiam
296 1389 399 1413 nunc
431 1376 525 1422 dies,
554 1378 646 1413 alter
677 1375 714 1412 in
746 1377 879 1424 vulgus
908 1375 1090 1424 ignotus),
1118 1374 1171 1411 sic
1200 1388 1270 1423 ego
1300 1375 1434 1411 decem

93 1449 131 1470 20
149 1450 336 1475 annorum
376 1447 532 1488 peccata
572 1440 776 1477 recordans
815 1438 852 1475 in
888 1438 1027 1487 quibus
1064 1437 1184 1475 inerat
1221 1437 1283 1474 ille
1320 1436 1432 1474 etiam

148 1513 271 1538 annus
309 1501 373 1550 qui
412 1516 481 1539 nos
520 1503 593 1539 hoc
632 1516 704 1539 71072
742 1503 984 1545 defendente,
1025 1514 1072 1538 ne
1110 1500 1234 1538 dicam
1272 1499 1433 1548 gravius,

147 1564 342 1603 adflixerat
367 1566 651 1615 praesentisque
681 1566 862 1615 temporis
897 1578 1132 1614 cognoscens
1166 1563 1428 1608 temeritatem,

148 1626 346 1675 ignaviam,
379 1629 654 1678 neglegentiam
693 1629 974 1666 suscensebam.
1049 1628 1125 1665 Sed
1155 1640 1199 1664 ea
1229 1627 1302 1664 iani
1337 1625 1429 1663 mihi
1448 1630 1473 1667 3

148 1690 392 1738 exciderunt,
421 1692 607 1729 beneficia
637 1692 808 1730 eiusdem
841 1691 976 1741 cogito,
1013 1690 1138 1740 cogito
1169 1690 1281 1727 etiam
1314 1689 1431 1738 digni-

91 1762 128 1794 25
148 1760 291 1800 tatem,
336 1754 514 1804 intellego
562 1754 679 1792 serius
723 1755 901 1804 equidem
949 1767 1063 1803 quam
1107 1755 1242 1791 vellem
1280 1760 1432 1802 propter

146 1817 325 1866 epistulas
357 1831 629 1867 sermonesque
660 1818 780 1864 Balbi,
815 1819 884 1856 sed
913 1817 1025 1856 video
1063 1819 1174 1866 plane
1207 1816 1300 1854 nihil
1328 1816 1431 1853 aliud

145 1880 217 1929 agi,
248 1880 341 1918 nihil
373 1888 501 1919 actum
531 1882 580 1919 ab
613 1880 731 1927 initio,
767 1882 844 1918 m'si
872 1888 913 1918 ut
943 1882 1046 1918 hunc
1076 1879 1276 1918 occideret.
1349 1881 1431 1928 Ego

146 1944 269 1993 igitur,
306 1944 403 1983 sicut
439 1945 501 1984 ille
537 1947 641 1994 apud
680 1947 897 1983 Homerum
940 1944 1001 1982 cui
1043 1952 1080 1982 et
1123 1952 1242 1982 mater
1279 1951 1316 1982 et
1358 1945 1431 1982 dea

148 2007 313 2055 dixisset,

191 2119 202 2139 1
230 2110 292 2140 iam
310 2110 371 2140 iam
387 2110 474 2150 vulg.
596 2121 612 2150 7
638 2111 785 2141 Curtium
804 2110 908 2151 vulg:
934 2120 991 2140 cur
1007 2116 1074 2140 tum
1093 2109 1142 2139 M¹
1162 2122 1168 2140 :
1192 2120 1250 2140 cur
1265 2121 1338 2140 cum
1356 2110 1428 2141 M²÷

144 2153 199 2190 qui
217 2162 290 2182 eum
307 2152 370 2182 cod.
386 2152 598 2192 Maffet'amts:
623 2153 679 2183 del.
698 2154 782 2182 Boot
890 2163 925 2190 13
949 2163 1001 2182 me
1019 2153 1091 2183 add.
1112 2153 1281 2183 Casaubon
1392 2163 1426 2191 17

144 2193 291 2224 Aliensis
314 2195 405 2232 Boot,
429 2195 465 2233 cf
484 2194 586 2225 Hertz
610 2195 655 2225 ad
679 2195 753 2226 Gell.
781 2195 823 2226 iv.
840 2206 869 2234 9.
887 2197 916 2231 6,
935 2199 963 2225 et
985 2195 1130 2225 Nonium
1154 2204 1225 2233 379.
1243 2205 1261 2232 4
1389 2205 1426 2224 21

146 2246 211 2266 non
242 2236 314 2267 add.
354 2237 428 2267 Vict.
599 2249 636 2276 27
663 2239 725 2267 nisi
756 2237 828 2267 add.
866 2236 1065 2276 Weseubcrg:
1107 2247 1204 2275 quam
1235 2236 1308 2267 add.
1341 2237 1427 2276 vulg.

145 2277 216 2316 Ego
233 2279 338 2310 Rom:
364 2289 403 2309 eo
419 2279 504 2311 codd.
703 2281 743 2309 28
766 2281 851 2309 sicut
869 2280 923 2309 ille
939 2279 1086 2309 Schmidt
1101 2291 1107 2309 z
1130 2279 1159 2309 si
1174 2280 1249 2318 quid
1268 2279 1351 2310 codd.
1371 2290 1377 2309 :
1401 2280 1427 2310 si

143 2321 273 2358 quidem
294 2321 429 2352 Vrsinus
