1590 2730
507 127 615 162 EPP.
647 127 722 162 AD
752 127 1005 164 ATTICVM
1325 126 1394 161 XI.
1417 124 1492 160 xvi

114 231 226 268 fuisse
259 238 299 267 ut
330 244 413 268 eam
446 238 614 278 peterem
647 230 695 266 ab
730 230 803 274 illo,
838 238 873 266 et
907 244 953 267 eo
987 231 1112 268 minus
1146 233 1250 279 quod
1284 231 1396 268 huius

113 292 245 330 consili
272 293 345 330 iam
374 307 420 330 ne
447 292 593 330 socium
620 291 776 340 quidem
804 293 928 329 habeo
952 306 1195 341 quemquam.
1255 293 1331 340 Qui
1358 293 1396 330 in

112 355 204 393 Asia
235 363 323 393 sunt
353 369 475 393 rerum
510 355 651 404 exitum
683 363 914 404 exspectant,
944 356 1103 393 Achaici
1138 356 1250 393 etiam
1286 357 1394 393 Fufio

111 432 218 468 spem
246 419 524 467 deprecationis
556 420 741 456 adferunt.
806 421 957 456 Horum
987 427 1023 456 et
1053 419 1164 456 timor
1192 419 1294 456 idem
1326 419 1394 456 fuit

75 495 92 526 5
110 481 232 530 primo
252 482 317 530 qui
344 495 450 519 meus
474 489 511 519 et
530 481 804 527 constitutum3
833 494 938 519 mora
958 481 1215 519 Alexandrina
1240 495 1393 519 causam

111 544 259 581 illorum
289 545 457 589 correxit,
488 558 612 582 meam
642 544 783 581 evertit.
843 546 969 591 Quam
1000 545 1050 582 ob
1077 558 1155 581 rem
1182 544 1285 582 idem
1312 558 1334 581 a
1359 551 1395 581 te
1414 554 1437 590 3

110 621 212 644 nunc
238 615 327 656 peto
354 609 458 656 quod
485 607 741 656 superioribus
766 607 909 653 litteris,
930 615 983 653 ut,
1004 607 1033 644 si
1060 607 1153 656 quid
1178 607 1217 644 in
1240 607 1396 656 perditis

110 670 221 707 rebus
242 669 445 718 dispiceres
467 671 571 719 quod
592 670 684 706 mihi
705 678 856 718 putares
877 670 1105 716 faciendum,
1127 683 1188 707 me
1209 683 1392 708 moneres.

110 732 148 770 Si
169 732 327 781 recipior
346 734 394 770 ab
415 733 486 779 his,
500 734 604 781 quod
625 732 730 770 vides
751 746 828 770 non
849 732 938 778 fieri,
957 740 1083 770 tamen
1105 734 1232 781 quoad
1252 733 1395 770 bellum

57 810 91 832 10
109 795 178 833 erit
211 795 303 844 quid
336 809 445 844 agam
478 803 543 833 aut
576 796 641 833 ubi
675 796 745 833 sim
780 809 857 833 non
892 796 1060 844 reperiog
1100 796 1156 833 sin
1190 796 1316 841 iactor,
1349 809 1395 833 eo

110 858 245 896 minus.
304 861 439 907 Itaque
460 867 542 896 tuas
563 858 703 896 litteras
728 866 906 907 exspecto
933 872 1072 907 easque
1099 866 1139 895 ut
1159 860 1207 896 ad
1229 872 1290 896 me
1313 858 1394 897 sine

108 922 347 960 dubitatione
369 922 508 960 scribas
529 936 630 971 rogo.

120 1001 127 1009 s
161 986 278 1032 Quod
317 986 453 1022 suades
492 992 533 1022 ut
570 986 618 1022 ad
650 984 837 1032 Quintum
877 985 1038 1022 scribam
1076 986 1124 1022 de
1155 985 1212 1022 his
1251 985 1437 1032 litteris,4

107 1049 280 1093 facerem,
313 1048 342 1085 si
377 1061 438 1086 me
471 1047 676 1097 quicquam
708 1048 799 1085 istae
833 1047 977 1085 litterae
1010 1049 1251 1085 delectarent.
1312 1048 1393 1085 Etsi

53 1124 87 1155 15
108 1111 263 1159 quidam
299 1110 446 1159 scripsit
478 1112 527 1148 ad
561 1124 621 1148 me
655 1110 712 1147 his
742 1110 877 1156 verbis,
915 1112 1022 1158 ‘Ego
1055 1118 1096 1146 ut
1128 1110 1167 1146 in
1197 1110 1254 1147 his
1285 1110 1392 1147 malis

108 1174 227 1212 Patris
257 1187 339 1211 sum
370 1187 448 1211 non
476 1174 639 1219 invitus;
676 1187 798 1211 essem
825 1173 1013 1218 libentius,
1038 1173 1067 1210 si
1097 1175 1208 1210 frater
1233 1181 1319 1210 tuus
1348 1187 1392 1211 ea

106 1239 154 1275 de
178 1245 215 1275 te
241 1239 457 1286 loqueretur
477 1250 574 1285 quae
601 1250 671 1284 ego
697 1236 827 1273 audire
847 1237 1006 1273 vellem.⁷
1063 1237 1180 1282 Quod
1205 1235 1259 1272 ais
1285 1236 1391 1273 illum

105 1302 154 1339 ad
185 1308 222 1338 te
255 1301 417 1338 scribere
451 1313 511 1337 me
542 1299 612 1336 sibi
644 1300 765 1336 nullas
796 1299 936 1336 litteras
969 1298 1171 1344 remittere,
1197 1300 1313 1336 semel
1341 1299 1390 1335 ab

105 1363 188 1413 ipso
221 1364 360 1412 accepi.
431 1364 493 1400 Ad
522 1376 585 1400 eas
612 1362 840 1410 Cephalioni
869 1362 957 1399 dedi
988 1361 1051 1409 qui
1082 1363 1221 1399 multos
1251 1361 1390 1399 mensis

50 1443 88 1465 20
106 1427 395 1477 tempestatibus
426 1433 593 1464 retentus
627 1433 692 1463 est.
752 1425 940 1473 Quintum
974 1425 1091 1461 filium
1122 1426 1172 1462 ad
1203 1438 1263 1462 me
1293 1438 1391 1462 acer-

106 1491 259 1528 bissime
286 1490 479 1539 scripsisse
506 1490 580 1526 iam
607 1496 694 1526 ante
721 1489 769 1525 ad
796 1495 832 1525 te
859 1487 999 1536 scripsi.

158 1556 378 1591 Extremum
414 1562 469 1591 est
502 1554 606 1601 quod
639 1560 674 1589 te
705 1565 820 1597 orem,
854 1551 884 1588 si
918 1559 1027 1599 putas
1058 1558 1201 1588 rectum
1236 1564 1318 1588 esse
1351 1557 1430 1597 et5

104 1631 126 1654 a
145 1625 181 1654 te
208 1617 347 1666 suscipi
371 1630 493 1665 posse,
517 1629 604 1653 cum
631 1615 794 1653 Camillo
821 1613 1082 1651 communices
1109 1621 1149 1650 ut
1169 1613 1388 1650 Terentiam

105 1680 290 1718 moneatis
329 1682 377 1717 de
411 1687 649 1717 testamento.
708 1680 900 1726 Tempora
932 1684 1091 1714 monent
1124 1684 1164 1713 ut
1192 1676 1318 1714 videat
1348 1684 1389 1713 ut

50 1759 84 1790 25
104 1743 192 1780 satis
219 1743 330 1780 faeiat
351 1742 489 1791 quibus
511 1743 660 1779 debeat.
720 1740 907 1778 Auditum
933 1754 977 1777 ex
999 1739 1205 1776 Philotimo
1229 1746 1284 1776 est
1304 1752 1388 1776 eam

104 1807 283 1843 scelerate
312 1807 501 1854 quaedam
529 1806 660 1842 facere.
720 1803 913 1842 Credibile
942 1802 1001 1839 vix
1030 1809 1097 1846 est,
1122 1803 1189 1838 sed
1219 1808 1330 1847 certe,
1358 1801 1388 1838 si

104 1868 197 1917 quid
226 1876 281 1906 est
308 1870 413 1917 quod
440 1868 517 1905 fieri
544 1867 673 1916 possit,
697 1866 977 1916 providendum
999 1872 1064 1902 est.
1126 1867 1183 1901 De
1209 1865 1388 1903 omnibus

104 1933 215 1969 rebus
242 1932 354 1969 velim
383 1933 432 1969 ad
461 1945 522 1968 me
549 1931 689 1968 scribas
723 1938 759 1967 et
787 1930 949 1966 maxime
978 1929 1071 1977 quid
1100 1928 1238 1965 sentias
1267 1929 1315 1965 de
1344 1941 1388 1965 ea

104 1995 142 2031 in
163 2008 238 2043 qua
258 2002 323 2032 tuo
349 1994 508 2031 consilio
535 2007 627 2042 egeo
654 1993 765 2030 etiam
795 1992 823 2029 si
848 1992 941 2028 nihil
962 1991 1160 2040 excogitas.
1220 1992 1266 2028 Id
1285 1990 1387 2028 enim

48 2070 88 2100 30
106 2058 197 2095 mihi
218 2057 286 2095 erit
305 2071 373 2106 pro
393 2059 603 2106 desperato.
662 2069 705 2092 111
730 2058 828 2092 Non.
855 2057 938 2092 Iun.

147 2170 165 2197 4
190 2160 308 2189 nullam
326 2158 457 2189 addend.
471 2163 545 2198 post
560 2169 651 2196 spem
669 2168 743 2187 com.
762 2156 942 2195 IVesenng
1041 2156 1183 2186 asserunt
1201 2155 1283 2186 codd.
1302 2167 1308 2186 :
1331 2166 1386 2186 au-

106 2202 213 2232 ferunt
230 2201 320 2232 Man.
334 2213 340 2231 :
367 2201 519 2231 differunt
533 2201 712 2230 Gronovius
809 2210 846 2229 10
865 2203 938 2238 post
954 2199 1056 2228 iactor
1069 2199 1183 2228 liabent
1197 2204 1252 2228 aut
1269 2199 1388 2228 reicior

107 2245 191 2274 Crat.
208 2244 233 2273 L
246 2244 394 2283 (manga),
400 2244 560 2283 glossema
573 2243 653 2272 vocis
663 2243 764 2272 iactor
777 2245 812 2270 nt
828 2242 947 2271 arridetur
1044 2250 1082 2277 25
1108 2242 1203 2270 debet
1217 2241 1388 2270 Ascensizts

107 2286 134 2315 L
152 2286 384 2326 (marg.)‚f0rt.
400 2289 472 2315 recle
600 2287 640 2314 28
663 2285 786 2314 sentias
801 2283 1000 2322 [Vescnluvgz
1026 2283 1150 2313 scribas
1168 2282 1208 2311 M
1346 2293 1387 2321 29

104 2339 168 2367 qua
188 2327 385 2368 I‘Vesenbmg:
411 2337 474 2366 quo
491 2327 532 2356 M
615 2327 784 2364 excogites
805 2325 988 2365 Il'esenbwg
