1590 2730
104 144 150 180 X.
174 143 248 178 xiv
494 144 548 180 M.
579 144 742 180 TVLLI
772 144 1068 182 CICERONIS

200 249 239 287 in
272 257 477 299 posterum,
510 252 577 288 sed
611 252 738 288 tardus
771 252 820 288 ad
850 252 1068 289 exeundum
1102 252 1244 288 ‘multo
1274 263 1314 288 se
1344 249 1383 287 in
1413 262 1484 288 suo

199 314 340 351 lectulo
373 315 495 359 malle,
526 313 709 362 quicquid
740 315 858 352 foret.'
927 314 1094 352 Odiosus
1128 315 1326 362 scrupulus
1354 314 1403 351 de
1431 312 1484 350 fili

200 376 333 413 militia
371 377 609 414 Brundisina.
680 379 809 414 Vnum
842 377 936 415 illud
972 377 1186 415 firmissime
1222 377 1482 423 adseverabat,

201 439 231 476 si
251 440 420 477 damnati
441 440 732 487 restituerentur,
756 440 794 477 in
815 441 986 478 exsilium
1007 454 1047 478 se
1066 440 1216 478 iturum.
1257 442 1340 478 Nos
1356 447 1484 478 autem

199 504 249 540 ad
276 504 369 540 haec
398 507 455 541 ‘et
483 505 525 541 id
549 504 673 552 ipsum
702 512 804 541 certo
834 505 913 541 fore
943 512 980 542 et
1010 518 1107 553 quae
1138 504 1212 541 iam
1244 505 1375 541 fierent
1405 516 1484 540 non
1503 513 1520 544 5

200 579 282 603 esse
325 566 487 613 leviora,'
531 569 726 616 multaque
767 567 1062 616 conligebamus.
1137 569 1280 605 Verum
1325 580 1369 604 ea
1405 580 1483 604 non

199 630 371 667 animum
392 630 471 668 eius
491 631 681 679 augebant
701 631 769 668 sed
789 630 974 676 timorem,
997 638 1037 667 ut
1061 630 1135 667 iam
1157 631 1339 668 celandus
1365 629 1483 677 magis

200 694 249 737 de
269 701 398 731 nostro
425 694 584 731 consilio
610 707 724 742 quam
750 695 799 731 ad
826 693 864 731 id
888 695 1114 731 adhibendus
1139 693 1337 731 videretur.
1397 694 1485 740 Qua

200 770 238 794 re
258 756 296 793 in
321 758 393 794 hoc
418 770 495 793 non
522 758 683 794 multum
711 764 776 794 est.
834 758 915 794 Nos
944 770 966 794 a
994 765 1030 795 te
1058 757 1245 795 admoniti
1273 757 1322 794 de
1351 755 1484 795 Caelio

199 819 461 868 cogitabimus.
1505 825 1544 848 ¹0

241 976 324 1011 XV
486 979 551 1010 Ser.
572 981 605 1010 in
624 980 770 1011 Cumano
787 981 817 1010 iv
832 980 880 1010 Id.
899 981 978 1011 Mai.
997 991 1025 1011 a.
1046 990 1099 1019 705
1116 981 1198 1021 (49).

599 1072 766 1103 CICERO
787 1071 963 1103 ATTICO
985 1072 1089 1103 SAL.

162 1157 180 1184 1
252 1146 401 1185 Servius
434 1160 522 1185 cum
555 1155 652 1185 esset
684 1149 787 1197 apud
817 1161 888 1193 me,
920 1148 1106 1196 Cephalio
1135 1161 1222 1186 cum
1252 1147 1325 1185 tuis
1353 1147 1484 1185 litteris

200 1222 238 1247 Vl
270 1212 363 1248 Idus
391 1211 516 1255 venit3
546 1225 643 1259 quae
672 1211 782 1248 nobis
812 1224 988 1259 magnam
1017 1224 1124 1259 spem
1150 1213 1356 1249 attulerunt
1383 1211 1485 1248 meli-

199 1287 307 1311 orum
328 1287 450 1311 rerum
471 1275 520 1311 de
540 1282 628 1311 octo
648 1274 878 1311 cohortibus.
938 1275 1090 1312 Etenim
1115 1288 1181 1312 eae
1205 1288 1359 1323 quoque
1386 1287 1484 1323 quae
1505 1286 1542 1318 15

198 1337 237 1374 in
257 1337 314 1374 his
335 1337 427 1375 locis
454 1345 540 1374 sunt
566 1339 692 1375 labare
719 1338 904 1375 dicuntur.
964 1339 1113 1376 Eodem
1140 1339 1202 1376 die
1230 1338 1483 1375 Funisulanus

197 1414 220 1438 a
245 1408 282 1438 te
309 1401 433 1438 attulit
459 1401 599 1438 litteras
626 1401 664 1437 in
690 1401 829 1449 quibus
858 1409 936 1438 erat
961 1402 1220 1439 confirmatius
1249 1401 1350 1439 idem
1377 1401 1481 1438 illud.

200 1463 246 1500 Ei
266 1465 315 1501 de
335 1477 404 1501 suo
425 1464 577 1512 negotio
598 1464 777 1513 respondi
804 1467 995 1502 cumulate
1021 1479 1108 1502 cum
1136 1465 1240 1503 omni
1267 1473 1331 1502 tua
1353 1464 1480 1513 gratia.

198 1528 338 1564 Adhuc
365 1541 442 1564 non
468 1527 557 1564 satis
583 1527 768 1574 faciebat3
797 1529 912 1566 debet
938 1536 1065 1566 autem
1092 1529 1185 1565 mihi
1212 1530 1351 1565 multos
1377 1541 1484 1564 num-

199 1603 281 1627 mos
314 1603 385 1627 nec
418 1591 578 1627 habetur
610 1592 790 1638 locuples.
859 1593 973 1629 Nunc
1010 1592 1061 1628 ait
1099 1605 1139 1629 se
1176 1593 1376 1637 daturum3
1422 1590 1483 1627 cui
1503 1602 1543 1624 20

197 1666 405 1701 expensum
429 1653 554 1691 tulerit
575 1654 735 1699 morari3
763 1654 1007 1693 †tabellarius
1035 1655 1064 1691 si
1090 1656 1193 1703 apud
1216 1662 1253 1692 te
1281 1668 1363 1692 esse
1389 1667 1483 1703 quas

197 1716 287 1753 satis
320 1716 497 1755 fecisses†
539 1718 657 1754 dares.
730 1719 927 1765 Quantum
966 1718 1012 1755 sit
1051 1720 1145 1755 Eros
1184 1717 1378 1755 Philotimi
1415 1716 1481 1754 tibi

199 1778 310 1816 dicet.
368 1780 443 1816 Sed
463 1780 512 1816 ad
533 1779 675 1817 maiora
694 1781 904 1818 redeamus.

155 1848 180 1876 2
252 1843 368 1888 Quod
406 1849 525 1890 optas,
562 1843 785 1881 Caelianum
823 1843 916 1881 illud
954 1843 1181 1881 maturescit.
1239 1844 1375 1892 Itaque
1413 1850 1482 1880 tor-

197 1917 316 1953 queor
344 1912 469 1942 utrum
498 1913 653 1942 ventum
684 1914 909 1955 exspectem.
968 1906 1116 1944 Vexillo
1146 1919 1241 1956 opus
1274 1913 1353 1953 est3
1395 1919 1482 1943 con·
1501 1915 1539 1948 25

196 1968 387 2005 volabunt.
447 1970 564 2015 Quod
586 1971 722 2007 suades
743 1977 783 2006 ut
804 1971 938 2018 palam,
961 1983 1112 2018 prorsus
1136 1968 1328 2007 adsentior
1354 1969 1482 2018 itaque

197 2043 258 2067 me
278 2032 534 2079 profecturum
556 2040 659 2080 puto.
696 2034 799 2069 Tuas
816 2040 943 2069 tamen
964 2032 1113 2077 ,interim
1134 2032 1274 2070 litteras
1289 2039 1478 2081 exspecto.

241 2143 254 2162 1
275 2136 349 2171 post
364 2134 475 2162 tardus
493 2133 564 2163 add.
586 2138 634 2163 est
652 2132 765 2163 Lamb.
869 2134 902 2163 in
918 2143 978 2163 suo
994 2133 1126 2171 lectulo,
1145 2134 1180 2172 qs:
1199 2134 1229 2164 8.
1246 2143 1262 2171 7
1405 2143 1423 2172 5
1448 2133 1479 2163 id

196 2174 269 2204 add.
284 2173 397 2204 Lamb.
486 2176 603 2205 fierent
625 2176 829 2214 [Vesenbergz
853 2176 973 2205 fiebant
989 2175 1074 2206 codd.
1092 2187 1098 2205 :
1123 2176 1202 2205 fiant
1218 2175 1345 2205 Ernesti
1463 2186 1479 2213 7

196 2217 336 2254 angebat
357 2216 429 2246 JVR
534 2218 554 2246 8
577 2218 617 2248 ad
635 2218 666 2248 id
682 2218 888 2248 adhibendus
905 2217 1059 2257 Madvzjg:
1093 2219 1133 2247 ad
1151 2218 1236 2248 idem
1252 2217 1336 2248 codd.
1353 2229 1360 2247 :
1390 2218 1481 2247 adhi-

196 2259 321 2289 bendus
342 2259 497 2289 Vrsinus:
528 2261 754 2290 adhortandus
769 2261 809 2290 ad
826 2261 912 2290 idem
932 2260 1115 2300 Wesenberg
1300 2270 1338 2290 10
1361 2260 1480 2297 cogita-

196 2300 309 2331 bamus
325 2300 386 2330 WI
469 2312 505 2331 21
531 2302 707 2332 tabellariis
724 2303 780 2341 (ita
799 2302 905 2342 Man.)
923 2303 949 2332 si
965 2303 1051 2341 apud
1068 2306 1099 2332 te
1117 2306 1204 2332 esset
1221 2312 1284 2341 qua
1302 2302 1357 2341 (ita
1369 2301 1477 2340 Mem.)

197 2344 276 2373 satis
293 2343 422 2374 fecisset
440 2344 494 2382 (ita
511 2344 604 2383 Pms)
624 2346 717 2375 dares
733 2345 818 2384 vulg.
