1590 2730
500 139 608 175 EPP.
640 140 715 175 AD
743 140 995 176 ATTICVM
1288 143 1380 178 XII.
1403 141 1539 177 xxxiv

109 244 234 292 facias,
257 252 294 284 et
313 244 476 284 maxime
495 245 602 283 cuius
628 245 702 283 loci
727 246 1002 284 detractionem
1023 247 1102 285 fieri
1121 248 1219 285 velit.
1277 250 1394 296 Quod

109 309 212 347 enim
241 309 372 346 scribis
393 309 595 354 ‘extremi‚'
614 309 701 346 vide
723 322 772 346 ne
798 309 828 346 is
854 309 935 358 ipse
962 311 1068 347 locus
1089 311 1134 347 sit
1155 311 1261 348 cuius
1281 325 1395 349 causa

109 374 158 411 de
178 379 257 410 tota
276 386 327 419 re,
347 379 388 410 ut
414 372 496 418 scis,
519 380 575 410 est
600 386 622 410 a
648 372 760 410 nobis
784 372 1001 421 cogitatum.
1062 374 1164 411 Hirti
1193 375 1394 423 epistulam

109 434 179 474 tibi
198 435 283 473 misi
303 443 339 473 et
358 443 550 473 recentem
570 443 607 473 et
628 436 812 473 benevole
833 435 1021 485 scriptam.

72 590 90 619 5
151 584 318 620 XXXV
362 587 428 619 Scr.
437 588 519 627 sorl.
539 589 571 618 in
587 588 769 618 suburbano
786 587 890 618 Siccae
905 588 948 620 K.
963 594 1043 629 vesp.
1061 593 1118 620 aut
1134 600 1228 620 mane
1242 590 1275 620 vi
1286 589 1368 621 Non.

598 641 678 672 Μαί.
698 652 727 672 a.
748 651 803 681 709
823 642 902 681 (μ’).

500 726 664 757 CICERO
693 727 725 756 A
735 726 870 757 TTICO
898 726 1000 758 SAL.

161 815 262 851 Ante
282 826 397 862 quam
417 826 439 850 a
458 819 495 850 te
514 813 684 861 proxime
704 813 873 859 discessi,
889 826 1099 862 numquam
1121 814 1213 851 mihi
1233 815 1335 852 venit
1354 814 1392 851 in
1414 819 1461 857 (ω

108 884 287 921 mentem,
310 887 387 924 quo
413 877 496 924 plus
523 876 758 925 insumptum
787 876 825 913 in
855 877 1134 914 monimentum
1161 885 1258 915 esset
1279 890 1393 926 quam

52 950 92 973 10
108 939 239 976 nescio
267 939 360 987 quid
387 940 492 988 quod
521 941 602 988 lege
631 939 866 986 conceditur,
886 941 1112 977 tantundem
1132 942 1276 989 populo
1304 942 1394 978 dan-

108 1002 201 1039 dum
231 1014 323 1039 esse.
382 1002 500 1049 Quod
529 1015 605 1039 non
640 1015 779 1051 magno
809 1015 923 1051 opere
956 1010 1134 1048 moveret,
1164 1003 1236 1040 nisi
1264 1003 1394 1041 nescio

107 1077 185 1113 quo
200 1066 327 1110 modo,
343 1067 484 1116 ἀλόγως
503 1067 669 1112 fortasse,
684 1068 826 1104 nollem
846 1066 940 1103 illud
960 1068 1037 1103 ullo
1057 1066 1212 1104 nomine
1232 1066 1302 1103 nisi
1318 1067 1394 1103 fani

105 1128 295 1177 appellari.
354 1130 471 1177 Quod
498 1129 528 1166 si
554 1131 739 1175 volumus,
763 1143 893 1167 vereor
915 1143 963 1167 ne
991 1129 1150 1178 adsequi
1172 1143 1250 1168 non
1279 1130 1396 1178 possi-

107 1204 191 1228 mus
220 1191 292 1228 nisi
320 1199 467 1229 mutato
495 1193 591 1230 loco.
651 1194 741 1230 Hoc
770 1194 882 1241 quale
910 1192 966 1238 sit,
999 1206 1154 1241 quaeso,
1183 1193 1391 1231 considera.

51 1265 87 1297 15
107 1255 208 1292 Nam
229 1255 299 1292 etsi
319 1255 445 1293 minus
470 1269 603 1304 urgeor
631 1269 770 1305 meque
794 1256 874 1304 ipse
903 1269 1020 1305 prope
1050 1257 1209 1293 modum
1233 1256 1392 1305 conlegi,

107 1326 235 1356 tamen
269 1318 423 1367 indigeo
457 1319 509 1355 tui
548 1319 692 1356 consili.
765 1321 900 1368 Itaque
933 1327 970 1356 te
1003 1321 1248 1357 vehementer
1280 1319 1394 1356 etiam

105 1389 220 1430 atque
243 1382 357 1419 etiam
378 1395 469 1431 rogo
494 1382 611 1431 magis
638 1396 753 1431 quam
773 1396 795 1420 a
815 1396 876 1420 me
895 1382 950 1419 vis
973 1390 1038 1420 aut
1058 1382 1194 1432 pateris
1215 1389 1251 1421 te
1274 1382 1394 1431 rogari

107 1452 147 1483 ut
169 1446 266 1483 hanc
288 1444 557 1494 cogitationem
580 1453 661 1483 toto
682 1453 834 1495 pectore
853 1447 1092 1495 amplectare.

147 1589 339 1624 XXXVI
414 1593 480 1625 Ser.
498 1594 640 1625 Asturae
654 1605 674 1625 v
692 1593 774 1624 Non.
794 1593 872 1625 Mai.
892 1604 920 1624 a.
942 1603 997 1632 709
1017 1593 1094 1631 (θ’).

49 1692 88 1714 20
498 1680 663 1711 CICERO
693 1679 868 1709 ATTJCO
897 1679 998 1709 SAL.

159 1769 304 1804 Fanum
327 1767 406 1804 fieri
426 1768 513 1804 volo
533 1780 658 1816 neque
685 1768 758 1804 hoc
786 1766 878 1803 mihi
905 1765 997 1814 eripi
1026 1772 1160 1814 potest.
1218 1764 1388 1813 Sepulcri
1406 1771 1423 1798 1

105 1829 391 1868 similitudinem
412 1831 574 1879 effugere
594 1844 672 1868 non
693 1838 769 1867 tam
791 1837 943 1878 propter
958 1842 1121 1878 poenam
1141 1828 1232 1876 legis
1253 1829 1389 1866 studeo

104 1906 218 1942 quam
240 1901 280 1931 ut
301 1893 464 1931 maxime
483 1895 670 1942 adsequar
691 1894 900 1930 ἀποθέωσιν.
959 1893 1077 1940 Quod
1097 1898 1278 1940 poteram,
1302 1891 1331 1928 si
1352 1891 1390 1927 in

104 1955 185 2005 ipsa
214 1956 301 1993 villa
334 1958 522 2003 facerem3
552 1958 619 1994 sed
650 1964 690 1994 ut
721 1970 833 2005 saepe
864 1955 981 1993 locuti
1010 1968 1151 2001 sumus,
1183 1962 1390 1992 commuta-

48 2028 86 2059 25
104 2019 227 2057 tiones
247 2019 491 2057 dominorum
522 2020 736 2057 reformido.
796 2021 842 2056 In
871 2033 960 2068 agro
990 2018 1224 2066 ubicumque
1252 2019 1387 2063 fecero,

104 2082 196 2119 mihi
217 2083 348 2121 videor
370 2083 528 2132 adsequi
558 2096 670 2132 posse
694 2090 734 2120 ut
760 2082 958 2131 posteritas
988 2082 1126 2119 habeat
1155 2081 1385 2129 religionem.

105 2147 191 2183 Hae
221 2160 327 2184 meae
355 2146 423 2184 tibi
452 2147 617 2195 ineptiae
641 2147 777 2195 (fateor
805 2146 924 2192 enim)
953 2146 1131 2183 ferendae
1160 2152 1246 2182 sunt
1262 2159 1271 2190 3
1299 2157 1387 2182 nam

144 2246 164 2275 8
186 2250 253 2276 ate
281 2256 310 2278 v.
321 2257 342 2277 c.
370 2245 398 2274 L
426 2246 561 2285 (marg.)
586 2241 629 2275 Zb
655 2247 762 2276 Crat.:
799 2257 862 2276 om.
890 2249 941 2275 ΣΔ
1109 2255 1142 2274 11
1168 2255 1220 2275 me
1243 2249 1388 2275 moveret

106 2287 290 2328 Wesenberg
426 2299 463 2318 21
489 2289 570 2327 eripi
587 2289 769 2318 Ruhnken:
800 2289 847 2318 eri
864 2287 914 2316 M1
930 2299 937 2317 z
967 2288 1099 2318 suaderi
1116 2298 1143 2318 v.
1163 2298 1203 2318 c.:
1234 2289 1302 2317 erui
1321 2286 1384 2326 M2,

93 2331 170 2366 jort.
190 2334 282 2360 recte:
305 2331 380 2360 exui
398 2331 446 2360 vel
460 2332 640 2361 dissuaderi
657 2330 774 2361 Lamb.
906 2341 944 2369 27
971 2328 1061 2369 nam]
1081 2340 1145 2359 non
1163 2333 1231 2359 vett.
