1590 2730
506 136 614 171 EPP.
646 136 720 171 AD
751 136 1002 176 ATTICVM
1292 139 1439 176 XIII.i

111 242 206 280 xeris
236 249 273 279 et
306 241 336 279 si
369 243 417 279 de
449 241 610 290 epistula
639 241 836 280 certiorem
868 256 930 281 me
960 244 1102 290 feceris,
1126 245 1276 282 dederis
1306 244 1399 282 mihi

111 306 216 354 quod
252 306 301 342 ad
338 312 375 342 te
411 304 573 342 scribam
591 319 600 350 3
641 304 671 341 si
709 305 846 351 minus,
877 306 1037 344 scribam
1077 315 1204 345 tamen
1241 309 1395 357 aliquid.

111 369 333 417 Numquam
362 367 464 405 enim
493 367 622 405 deerit.

151 474 198 508 ῙῙ
381 476 449 508 Ser.
466 476 499 506 in
520 476 705 507 Tusculano
722 477 757 507 ix
771 477 813 507 K.
831 478 905 508 Iun.
925 488 955 508 a.
977 488 1033 519 709
1052 479 1132 518 (45).

74 551 91 581 5
503 550 668 580 CICERO
699 550 876 581 ATTICO
907 551 1007 582 SAL.

163 621 314 659 Gratior
345 620 439 658 mihi
470 620 640 658 celeritas
674 627 739 658 tua
768 634 884 669 quam
918 621 1000 670 ipsa
1032 636 1099 660 res.
1159 624 1264 671 Quid
1298 624 1399 662 enim
1422 630 1470 669 (1)

109 683 332 733 indignius?
388 683 464 721 Sed
492 683 566 720 iarn
595 684 644 721 ad
684 683 754 720 ista
777 683 1029 722 obduruimus
1059 693 1095 723 et
1124 687 1400 724 humanitatem

110 760 266 784 omnem
295 746 477 784 exuimus.
535 748 638 783 Tuas
668 745 809 784 litteras
839 746 956 785 hodie
994 750 1273 796 exspectabam,
1305 750 1398 787 nihil

109 809 290 858 equidem
319 816 360 847 ut
388 822 433 846 ex
461 808 505 846 iis
533 810 649 855 novi,
677 809 771 858 quid
800 809 933 848 enim?
960 823 1091 848 verum
1120 819 1299 850 tamen—

55 926 94 948 10
151 914 199 948 II
215 926 239 948 a
387 917 456 947 Ser.
473 917 505 947 in
526 916 706 947 Tusculano
722 917 754 947 vi
766 917 807 948 K.
828 918 903 948 Ilm.
921 929 951 948 a.
975 929 1031 958 709
1050 919 1128 958 (45).

501 991 669 1021 CICERO
701 991 875 1022 ATTICO
905 991 1008 1023 SAL.

160 1062 289 1111 Oppio
317 1069 354 1100 et
382 1063 503 1100 Balbo
529 1064 710 1111 epistulas
735 1063 870 1100 deferri
896 1062 1055 1109 iubebis,
1079 1072 1115 1101 et
1138 1072 1265 1102 tamen
1294 1065 1394 1103 Piso·
1413 1079 1429 1105 1

106 1138 194 1163 nem
215 1125 337 1163 sicubi
357 1127 407 1163 de
426 1138 528 1163 auro.
588 1125 769 1163 Faberius
791 1126 820 1162 si
842 1126 996 1172 venerit,
1019 1126 1165 1165 videbis
1186 1135 1225 1165 ut
1246 1136 1393 1166 tantum
1415 1122 1454 1160 (Π
1474 1123 1505 1160 Ῑ)

106 1188 342 1235 attribuatur,
373 1189 404 1226 si
435 1190 553 1227 modo
582 1188 817 1234 attribuetur,
851 1197 1037 1238 quantum
1058 1191 1228 1228 debetur.
1286 1191 1394 1229 Acci-

51 1264 86 1295 15
105 1251 185 1300 pies
204 1253 253 1290 ab
274 1254 400 1291 Erote.

157 1317 373 1355 Ariarathes
390 1316 633 1355 Ariobarzani
656 1316 753 1354 filius
771 1319 937 1354 Romam
957 1317 1070 1355 venit.
1119 1319 1220 1363 Vult,
1243 1317 1387 1367 opinor,
1410 1331 1433 1358 2

104 1392 261 1429 regnum
294 1381 450 1430 aliquod
481 1395 606 1418 emere
640 1395 663 1418 a
694 1382 880 1427 Caesare3
914 1393 1002 1417 nam
1036 1393 1113 1429 quo
1142 1382 1260 1418 modo
1288 1394 1391 1418 nunc
1412 1373 1501 1414 (¹¹2)

103 1450 170 1489 est,
203 1445 341 1493 pedem
375 1444 439 1482 ubi
471 1453 587 1494 ponat
622 1444 660 1481 in
690 1457 759 1481 suo
794 1457 871 1481 non
906 1444 1030 1481 habet.
1102 1443 1273 1481 Omnino
1303 1458 1391 1482 eurn

104 1507 246 1544 Sestius
276 1516 404 1546 noster
428 1510 616 1558 parochus
648 1508 823 1557 publicus
853 1507 1076 1556 occupavit;
1105 1509 1209 1556 quod
1233 1507 1390 1556 quidem

48 1583 85 1605 20
103 1570 213 1608 facile
244 1572 376 1620 patior.
434 1575 578 1611 Verum
605 1580 744 1618 tamen,
768 1573 873 1621 quod
903 1570 995 1609 mihi
1024 1584 1175 1608 summo
1201 1570 1390 1608 beneficio

103 1646 190 1671 meo
211 1648 348 1684 magna
367 1649 453 1673 cum
481 1636 655 1674 fratribus
680 1636 778 1674 illius
802 1635 1045 1673 necessitudo
1071 1641 1138 1679 est,
1160 1633 1278 1689 invito
1301 1647 1388 1671 eum

102 1709 168 1745 per
196 1697 336 1735 litteras
357 1706 397 1736 ut
416 1701 519 1748 apud
540 1713 601 1737 me
622 1701 849 1738 deversetur.
907 1700 969 1736 Ad
990 1711 1074 1735 earn
1100 1710 1179 1734 rem
1200 1710 1286 1734 cum
1308 1696 1389 1734 mit-

101 1767 219 1798 terem
240 1763 512 1808 Alexandrum,
536 1764 602 1800 has
624 1763 657 1800 ei
679 1763 768 1801 dedi
790 1762 941 1800 litteras.

144 1862 191 1896 II
207 1865 234 1896 b
378 1866 446 1897 Ser.
463 1868 495 1897 7'11
516 1867 696 1898 Tusculano
712 1868 741 1897 iv
757 1868 797 1898 K.
819 1868 890 1897 Iun.
912 1878 940 1898 a.
962 1877 1019 1907 709
1038 1867 1119 1907 (45).

46 1945 82 1976 ²5
489 1942 655 1973 CICERO
686 1943 861 1973 ATTICO
894 1942 996 1973 SAL.

153 2012 245 2049 Cras
283 2011 393 2060 igitur
424 2013 551 2051 auctio
586 2013 787 2051 Peducaei.
844 2015 944 2052 Cum
981 2013 1121 2062 poteris
1159 2026 1270 2062 ergo,
1315 2012 1385 2050 etsi
1405 2014 1493 2052 (113)

99 2073 282 2123 impediet
310 2077 466 2114 fortasse
490 2076 681 2114 Faberius.
739 2077 814 2114 Sed
835 2083 962 2114 tamen
989 2089 1076 2113 cum
1097 2075 1235 2113 licebit.
1295 2075 1384 2112 Dio-

99 2137 227 2185 nysius
260 2146 388 2176 noster
417 2139 576 2187 graviter
604 2139 772 2188 queritur
800 2146 836 2177 et
867 2147 994 2176 tamen
1027 2138 1106 2176 iure
1136 2152 1158 2176 a
1187 2138 1382 2187 discipulis

144 2248 179 2267 12
203 2244 236 2269 et
252 2240 375 2280 tamen]
391 2240 542 2270 examina
553 2239 698 2270 Sclmndt
832 2240 873 2269 26
899 2249 979 2277 ergo
993 2242 1014 2270 Σ
1034 2239 1117 2270 Crat.
1133 2250 1138 2270 :
1164 2249 1227 2269 ont.
1240 2243 1267 2268 Δ
