1590 2730
590 640 755 676 LIBER
783 640 1108 677 VNDECIMVS

610 762 708 807 AD
737 740 1085 806 'ATTICVM

247 895 280 930 Ῑ.
328 898 394 930 Ser.
414 900 447 929 7'11
464 900 559 939 Epiro
576 901 657 930 inter
670 901 754 931 lVon.
770 903 797 929 et
811 899 858 929 Id.
873 899 955 937 Iani,
971 903 1005 928 ut
1019 899 1149 937 videtur,
1166 909 1193 929 a.
1215 900 1272 938 706
1284 898 1368 939 (48).

608 990 777 1020 CICERO
801 989 967 1019 ATTICO
993 989 1087 1019 SAL.

172 1088 189 1114 1
259 1077 408 1112 ACCEPI
438 1089 459 1112 a
489 1083 524 1112 te
554 1075 741 1123 signatum
770 1075 939 1112 libellum
965 1088 1078 1123 quem
1107 1076 1270 1111 Anteros
1289 1075 1487 1120 attulerat;

205 1150 250 1174 ex
273 1150 350 1186 quo
379 1138 471 1174 nihil
501 1138 594 1175 scire
623 1138 729 1187 potui
755 1140 804 1175 de
832 1138 968 1175 nostris
997 1137 1216 1174 domesticis
1246 1138 1367 1174 rebus.
1428 1139 1486 1174 De

202 1200 340 1248 quibus
360 1201 602 1238 acerbissime
621 1201 794 1238 adflictor
814 1202 918 1249 quod
939 1200 1003 1249 qui
1024 1213 1086 1237 eas
1109 1199 1341 1248 dispensavit
1360 1212 1485 1248 neque
1503 1212 1519 1243 5

201 1264 309 1300 adest
339 1263 422 1301 istic
459 1277 584 1312 neque
621 1263 686 1301 ubi
720 1272 900 1301 terrarum
934 1263 979 1300 sit
1010 1263 1098 1300 scio.
1157 1264 1323 1300 Omnem
1357 1270 1484 1300 autem

202 1338 308 1374 spem
329 1327 453 1363 habeo
474 1326 761 1363 existimationis
782 1327 1086 1374 privatarumque
1114 1338 1237 1362 rerum
1258 1325 1296 1361 in
1317 1333 1381 1362 tua
1400 1339 1486 1374 erga

203 1401 263 1425 me
280 1388 371 1424 mihi
387 1388 692 1437 perspectissima
705 1388 980 1426 benevolentia.
1039 1389 1165 1435 Quam
1183 1387 1212 1424 si
1233 1388 1290 1424 his
1311 1388 1486 1437 tempori-

202 1451 272 1487 bus
298 1451 442 1488 miseris
463 1459 499 1488 et
523 1451 698 1489 extremis
718 1451 954 1500 praestiteris,
974 1453 1066 1488 haec
1087 1450 1254 1499 pericula
1274 1465 1371 1499 quae
1391 1451 1484 1488 mihi

201 1514 420 1551 communia
448 1521 535 1551 sunt
564 1528 650 1551 cum
681 1514 813 1551 ceteris
844 1514 973 1551 fortius
1002 1515 1142 1555 feram;
1172 1513 1288 1562 idque
1309 1522 1349 1551 ut
1369 1514 1482 1551 facias
1503 1529 1542 1551 10

159 1583 237 1615 2te
270 1577 439 1614 obtestor
475 1584 590 1624 atque
627 1577 796 1614 obsecro.
873 1578 954 1624 Ego
992 1576 1030 1612 in
1069 1576 1288 1625 cistophoro
1324 1576 1363 1614 in
1391 1577 1483 1615 Asia

200 1640 324 1676 habeo
353 1641 402 1676 ad
433 1639 645 1676 sestertium
676 1640 732 1676 bis
759 1648 795 1677 et
821 1640 973 1677 viciens.
1033 1640 1160 1677 Huius
1190 1640 1374 1689 pecuniae
1403 1654 1482 1690 per-

199 1702 408 1739 mutatione
429 1704 543 1739 fidem
564 1710 731 1739 nostram
753 1704 861 1741 facile
888 1706 1065 1747 tuebere;
1095 1719 1209 1753 quam
1231 1704 1386 1753 quidem
1410 1717 1481 1753 ego

197 1764 268 1801 nisi
297 1765 511 1814 expeditam
541 1766 752 1815 relinquere
782 1781 842 1805 me
874 1776 1066 1817 putassem
1101 1770 1259 1805 credens
1285 1767 1321 1805 ei
1351 1767 1411 1805 cui
1439 1775 1480 1804 tu

197 1829 268 1865 scis
302 1829 375 1866 iam
409 1829 555 1878 pridem
594 1830 750 1868 minime
785 1833 937 1870 credere
975 1846 1029 1868 me
1060 1833 1189 1876 debere,
1223 1839 1479 1869 commoratus
1501 1843 1536 1874 15

196 1905 317 1929 essem
338 1892 527 1940 paulisper
555 1906 626 1930 nec
656 1894 885 1932 domesticas
914 1908 971 1932 res
1001 1894 1202 1943 impeditas
1230 1894 1476 1942 reliquissem.

196 1956 259 1992 Ob
279 1968 439 2003 eamque
460 1968 611 1992 causam
637 1957 753 1995 serius
779 1960 828 1996 ad
853 1966 888 1995 te
916 1957 1039 1995 scribo
1068 1958 1172 2005 quod
1201 1970 1284 1994 sero
1313 1957 1478 1994 intellexi

194 2018 286 2065 quid
324 2018 536 2056 timendum
568 2028 676 2058 esset.
733 2023 791 2058 Te
821 2021 934 2058 etiam
963 2028 1077 2068 atque
1108 2020 1221 2057 etiam
1250 2033 1316 2057 oro
1347 2027 1387 2056 ut
1416 2033 1477 2057 me

193 2087 314 2117 totum
347 2074 531 2118 tuendum
563 2083 754 2132 suscipias,
787 2091 838 2130 ut,
866 2083 895 2119 si
929 2083 953 2119 ii
983 2082 1074 2119 salvi
1105 2090 1213 2119 erunt
1246 2082 1473 2130 quibuscum

193 2156 286 2188 sum,
310 2157 385 2181 una
404 2158 490 2181 cum
512 2146 556 2183 iis
576 2147 717 2195 possim
748 2146 949 2183 incolumis
978 2159 1059 2183 esse
1084 2147 1320 2193 salutemque
1349 2158 1473 2182 meam
1494 2156 1533 2177 20

193 2205 481 2244 benevolentiae
502 2216 588 2245 tuac
607 2216 802 2257 acceptam
824 2210 968 2246 referre.

235 2316 271 2343 15
296 2317 345 2336 me
370 2308 490 2336 debere
514 2307 799 2338 add.Lel1man11:
829 2317 880 2337 me
904 2311 975 2337 ante
1003 2307 1137 2337 credere
1161 2306 1233 2338 add.
1253 2307 1473 2338 Liinemann:

188 2347 306 2378 decere
318 2354 376 2388 pro
393 2351 527 2379 credere
544 2350 611 2380 vult
627 2349 710 2379 Reid

1575 2665 1584 2680 A
1584 2608 1585 2612 „
