1690 2710
135 134 151 149 ‘
527 137 634 173 EPP.
665 137 741 173 AD
770 137 1021 173 ATTICVM
1369 134 1475 169 XVI.
1501 142 1558 166 xv

130 252 195 282 est.
253 244 468 283 Terentiam
508 244 624 281 dico?
664 244 736 280 scis
773 257 843 280 nos
880 243 1027 293 pridem
1064 243 1139 280 iam
1173 241 1413 279 constituisse

131 307 308 345 Montani
340 307 496 345 nomine
534 309 602 344 HS
635 308 720 344 W
750 307 964 344 dissolvere.
1027 305 1307 343 Pudentissime
1340 306 1414 341 hoc

130 370 265 409 Cicero
292 370 449 420 petierat
477 378 518 407 ut
547 371 638 407 fide·
650 383 727 407 sua.
787 369 1080 415 Liberalissime,
1100 376 1140 405 ut
1167 368 1234 405 tibi
1261 380 1414 415 quoque

128 434 330 483 placuerat,
352 433 597 486 promiseram
619 432 802 481 Erotique
822 433 989 470 dixeram
1010 439 1050 469 ut
1071 431 1277 479 sepositum
1303 430 1415 467 habe-

93 510 109 541 5
128 503 192 533 ret.
251 498 341 533 Non
363 497 536 536 †m0d0†
556 497 623 533 sed
647 495 886 544 iniquissimo
909 497 1062 532 faenore
1082 507 1271 531 versuram
1292 495 1414 530 facere

128 559 303 596 Aurelius
333 566 488 596 coactus
518 566 583 596 est.
642 559 742 595 Nam
771 559 819 595 de
840 557 1041 594 Terentiae
1070 556 1226 594 nomine
1245 556 1336 592 Tiro
1363 557 1413 592 ad

128 634 190 658 me
212 621 359 669 scripsit
378 628 415 658 te
434 621 560 658 dicere
585 634 764 658 nummos
790 633 812 657 a
834 620 1035 657 Dolabella
1055 621 1143 657 fore.
1203 620 1306 655 Male
1326 631 1413 655 eum

127 685 242 721 credo
271 684 507 729 intellexisse,
536 684 565 720 si
595 684 796 732 quisquam
826 685 923 720 male
952 682 1145 731 intellegit,
1167 682 1292 731 potius
1321 680 1414 717 nihil

127 747 363 784 intellexisse.
420 749 480 784 Tu
510 747 611 784 enim
639 748 689 784 ad
722 760 784 784 me
813 737 991 795 scripsisti
1021 746 1162 784 Coccei
1190 757 1414 793 responsum

73 824 110 845 10
127 818 164 847 et
190 810 311 847 isdem
339 823 460 859 paene
489 810 611 847 verbis
634 812 737 847 Eros.
794 809 1040 846 Veniendum
1070 816 1125 846 est
1154 807 1264 856 igitur
1289 808 1347 844 vel
1376 806 1414 842 in
1433 808 1459 844 6

127 873 247 921 ipsam
273 874 476 910 flammam.
533 873 699 921 Turpius
727 880 782 910 cst
811 872 913 909 enim
940 871 1111 919 privatim
1138 871 1273 907 cadere
1299 882 1413 918 quam

127 936 289 984 publice.
360 938 494 985 Itaque
523 936 655 973 ceteris
684 937 732 973 de
762 936 873 972 rebus
903 948 997 983 quas
1024 935 1074 971 ad
1103 947 1164 970 me
1193 931 1413 970 suavissime

127 998 307 1047 scripsisti
326 1000 544 1048 perturbato
569 999 698 1035 animo
724 1012 801 1035 non
826 998 942 1047 potui,
965 1006 1005 1034 ut
1031 1009 1266 1041 consueram,
1288 995 1414 1033 rescri-

129 1062 228 1099 bere.
287 1062 488 1100 †consenti
514 1062 551 1098 in
578 1063 649 1099 hac
678 1075 780 1107 cura,
799 1061 864 1098 ubi
894 1066 1015 1106 sum†‚
1039 1068 1079 1097 ut
1106 1073 1167 1097 me
1193 1059 1415 1108 expediam3

76 1138 111 1169 15
131 1125 270 1173 quibus
289 1133 416 1163 autem
437 1126 549 1163 rebus
570 1125 671 1162 venit
695 1125 850 1174 quidem
878 1125 970 1161 mihi
990 1124 1029 1161 in
1050 1131 1216 1161 mentem
1238 1124 1305 1161 sed
1325 1122 1416 1160 certi

130 1188 359 1226 constituere
385 1188 478 1225 nihil
499 1201 654 1236 possum
676 1188 776 1236 prius
797 1201 911 1236 quam
933 1195 969 1225 te
988 1187 1128 1224 videro.
1188 1186 1265 1233 Qui
1291 1185 1416 1222 minus

128 1258 255 1288 autern
276 1264 347 1299 ego
366 1250 449 1288 istic
469 1258 569 1288 recte
589 1264 671 1288 esse
691 1250 833 1299 possim
854 1263 969 1298 quam
990 1258 1045 1287 est
1068 1250 1300 1286 Marcellus?
1341 1249 1416 1285 Sed

127 1326 204 1350 non
235 1313 272 1350 id
301 1314 422 1361 agitur
446 1326 570 1361 neque
603 1313 642 1350 id
675 1313 838 1350 maxime
871 1325 986 1357 curo:
1020 1312 1112 1361 quid
1142 1325 1270 1349 curem
1297 1311 1413 1349 vides.

127 1377 276 1413 Adsum
297 1375 416 1424 igitur.

74 1583 114 1606 20
207 1575 314 1609 XVI
359 1577 426 1608 Scr.
446 1578 479 1607 1⁸71
500 1577 679 1607 Tusculano
696 1579 774 1607 inser
787 1589 806 1607 v
822 1581 849 1606 et
859 1578 942 1617 prid.
958 1578 1042 1608 Non.
1059 1577 1168 1615 Quint.
1183 1588 1213 1607 a.

191 1623 196 1626 '
693 1631 748 1659 710
775 1622 855 1659 244)-

403 1717 572 1748 CICERO
602 1718 687 1747 SVO
721 1718 818 1748 SAL.
851 1717 935 1747 DIC.
970 1716 1147 1747 ATTICO.

182 1815 482 1853 Iucundissimas
520 1823 602 1852 tuas
641 1814 711 1863 legi
749 1815 898 1851 litteras.
957 1815 1019 1851 Ad
1054 1815 1236 1851 Plancum
1275 1814 1414 1863 scripsi,
1439 1827 1456 1853 1

130 1878 224 1915 misi.
292 1879 425 1915 Habes
463 1879 689 1926 exemplum.
752 1878 851 1914 Cum
881 1876 1022 1913 Tirone
1060 1877 1152 1925 quid
1190 1877 1236 1913 sit
1269 1879 1417 1914 locutus

74 1958 110 1988 25
130 1954 358 1989 cognoscam
396 1954 441 1978 ex
478 1941 570 1989 ipso.
647 1941 747 1978 Cum
789 1952 915 1977 sorore
955 1953 1043 1988 ages
1084 1939 1273 1984 attentius,
1314 1940 1342 1977 si
1381 1948 1460 1977 te2

130 2004 382 2052 occupatione
410 2004 480 2041 ista
508 2003 691 2041 relaxaris.

175 2115 187 2134 1
205 2105 393 2134 Terentiam
417 2104 502 2134 codd.
519 2115 525 2133 ;
550 2104 726 2134 Terentiae
742 2106 818 2135 coni.
840 2111 890 2144 ap,
908 2105 1024 2135 Laml).
1116 2116 1133 2143 3
1159 2111 1192 2135 ut
1211 2105 1274 2135 fide
1292 2115 1350 2134 sua
1366 2103 1417 2135 Z:

130 2153 164 2177 ut
177 2148 254 2176 inde
266 2147 327 2185 (vel
339 2147 430 2182 vide)
447 2157 507 2176 suo
518 2147 576 2177 M:
600 2148 645 2176 uti
662 2148 702 2176 de
719 2158 778 2177 suo
795 2158 823 2177 v.
836 2159 858 2178 c.
876 2151 932 2177 ets
949 2158 986 2177 ex
1003 2148 1183 2186 coniectura,
1205 2151 1241 2176 ut
1255 2147 1316 2177 vid.
1399 2157 1417 2184 5

130 2189 241 2228 modo]
260 2190 389 2218 modico
405 2189 534 2219 Baiter:
557 2190 653 2219 modo
673 2199 739 2218 non
752 2190 828 2219 fecit
845 2189 873 2218 L
895 2190 1031 2229 (nzmg.)
1134 2200 1170 2227 14
1195 2190 1359 2220 contende
1383 2190 1416 2218 in

130 2232 190 2261 hac
204 2242 280 2261 cura
294 2242 419 2261 mecum
435 2232 517 2261 Boot
533 2243 539 2262 ε
563 2233 720 2261 consenui
737 2233 768 2261 in
780 2232 840 2261 hac
851 2242 927 2261 cura
940 2232 992 2261 ubi
1004 2242 1072 2261 sum
1087 2231 1241 2272 Madvig:
1268 2233 1417 2261 consenti

130 2274 191 2304 hac
208 2284 285 2303 cura
301 2274 354 2303 ubi
371 2284 442 2303 sum
464 2274 595 2312 Tyrrell:
621 2274 786 2304 contendo
803 2275 864 2303 iam
880 2273 1002 2303 Astura
1019 2275 1073 2303 ubi
1091 2284 1161 2304 sum
1178 2274 1294 2304 Gurlz'tt
1383 2283 1419 2311 15

131 2318 211 2346 certi
239 2316 357 2346 Orelli:
383 2320 471 2346 certe
498 2315 585 2345 codd.
732 2326 769 2354 24
794 2316 851 2355 sit]
880 2317 926 2345 sis
953 2316 1114 2345 Corradus

172 2406 231 2427 c1c.
252 2407 297 2426 Ao
314 2406 382 2426 ATT.
1291 2398 1330 2426 37
