1690 2710
526 130 635 167 EPP.
666 130 742 166 AD
771 127 1023 166 ATTICVM
1351 127 1435 163 XV.
1453 135 1514 162 xx

130 237 206 276 iam
226 236 401 275 homines
421 237 470 275 de
489 249 528 275 re-
547 235 701 286 publica
722 235 827 284 loqui
849 242 885 272 et
905 247 970 272 eos
991 233 1148 283 quidem
1168 233 1266 270 viros
1286 233 1421 277 bonos,

131 314 202 350 ego
230 314 307 351 quo
336 300 398 339 die
426 299 568 339 audivi.
588 299 697 336 illum
729 306 932 347 tyrannum
966 298 1005 335 in
1036 297 1218 336 contione
1249 295 1424 333 ‘clarissi-

130 377 237 402 mum
275 363 418 401 virum'
453 362 633 412 appellari
671 361 918 399 subdiffidere
959 361 1079 410 coepi.
1155 362 1293 397 Postea
1335 371 1425 397 vero

131 440 246 476 quarn
279 435 406 465 tecum
437 425 584 463 Lanuvi
617 424 693 462 vidi
726 432 876 462 nostros
910 432 1058 462 tantum
1089 423 1170 472 spei
1202 423 1343 460 habere
1374 422 1424 460 ad

94 504 111 536 5
130 489 336 527 vivendum
357 496 541 538 quantum
560 487 800 536 accepissent
820 488 869 524 ab
889 487 1072 532 Antonio,
1095 485 1301 535 desperavi.
1352 486 1425 522 Ita-

131 565 216 601 que,
242 552 293 588 mi
319 551 455 596 Attice,
479 550 639 599 (fortiter
664 551 739 588 hoc
763 550 876 587 velim
900 549 1074 598 accipias,
1101 556 1142 586 ut
1168 561 1239 597 ego
1267 546 1420 596 scribo),

130 627 248 663 genus
275 614 368 651 illud
396 613 569 651 interitus
591 617 692 662 †quo
718 616 924 650 causurus†
951 619 1007 649 est
1033 612 1190 649 foedum
1214 612 1359 648 ducens
1386 616 1424 648 et

131 676 238 725 quasi
268 675 534 714 denuntiatum
566 675 678 712 nobis
710 676 759 712 ab
790 674 962 712 Antonio
1000 687 1045 712 ex
1078 675 1149 711 hac
1179 686 1290 710 nassa
1323 672 1423 711 exire

130 739 309 776 constitui
330 752 407 776 non
427 739 476 775 ad
497 740 623 787 fugam
645 739 712 775 sed
732 739 781 775 ad
801 750 907 786 spem
926 736 1056 775 mortis
1077 736 1250 774 melioris.
1310 737 1421 773 Haec

76 817 113 838 10
131 802 255 839 omnis
274 803 386 851 culpa
406 801 521 838 Bruti.

184 864 413 914 Pompeium
445 864 596 902 Carteia
628 870 822 913 receptum
852 863 1008 909 scribis3
1045 863 1121 900 iam
1149 862 1261 911 igitur
1288 869 1420 900 contra
1438 870 1462 906 3

130 929 234 965 hunc
270 927 486 965 exercitum.
544 929 637 964 Vtra
674 940 763 975 ergo
800 929 956 964 castra?
1012 926 1144 964 Media
1182 926 1284 963 enim
1322 925 1421 963 tollit

130 991 331 1029 Antonius.
391 992 461 1028 Illa
489 990 646 1036 infirma,
677 991 772 1027 haec
810 990 959 1027 nefaria.
1019 992 1269 1038 Properemus
1298 988 1419 1037 igitur.

131 1055 206 1092 Sed
243 1054 330 1091 iuva
367 1067 428 1091 me
466 1053 636 1099 consilio,
673 1052 928 1090 Brundisione
964 1065 1013 1090 an
1045 1052 1223 1090 Puteolis.
1282 1054 1421 1089 Brutus

77 1132 112 1163 15
131 1117 287 1167 quidem
322 1117 448 1155 subito
482 1118 550 1154 sed
587 1116 785 1165 sapienter.
844 1118 986 1166 Πάσχω
1016 1134 1058 1153 τι.
1118 1116 1285 1163 Quando
1318 1115 1420 1153 enim

131 1181 270 1219 illum?
324 1182 399 1219 Sed
433 1182 601 1218 humana
633 1180 798 1218 ferenda.
856 1181 916 1216 Tu
951 1179 1031 1229 ipse
1064 1192 1152 1217 eum
1183 1179 1312 1217 videre
1342 1192 1421 1216 non

130 1252 249 1293 potes.
309 1244 359 1281 Di
383 1243 435 1280 illi
461 1250 611 1281 mortuo
631 1242 696 1292 qui
724 1256 907 1291 umquam
930 1244 1159 1280 Buthrotum
1179 1245 1185 1279 l
1241 1243 1317 1281 Sed
1335 1249 1421 1280 acta

130 1309 244 1347 missa
260 1324 270 1356 3
298 1309 495 1346 videamus
515 1320 613 1356 quae
631 1308 780 1356 agenda
799 1306 883 1344 sint.

183 1371 367 1410 Rationes
397 1370 531 1416 Erotis,
563 1369 633 1408 etsi
662 1369 786 1418 ipsum
821 1371 994 1408 nondum
1028 1369 1115 1416 vidi,
1147 1377 1275 1408 tamen
1308 1376 1344 1407 et
1375 1381 1463 1418 ex4

75 1451 111 1472 20
129 1435 259 1473 litteris
292 1435 372 1473 eius
402 1442 439 1472 et
477 1447 522 1472 ex
553 1447 599 1471 eo
631 1434 736 1482 quod
769 1433 860 1471 Tiro
894 1433 1071 1483 cognovit
1108 1446 1226 1483 prope
1260 1434 1420 1471 modum

129 1499 299 1547 cognitas
319 1498 454 1536 habeo.
512 1499 716 1535 Versuram
742 1496 873 1534 scribis
902 1510 983 1535 csse
1009 1496 1223 1534 faciendam
1245 1509 1420 1534 mensum

130 1562 310 1611 quinque,
333 1561 372 1599 id
392 1569 448 1599 est
471 1562 521 1598 ad
546 1563 630 1598 Kal.
654 1562 765 1606 Nov.,
790 1562 857 1598 HS
877 1560 948 1607 c—c3
981 1560 1019 1597 in
1044 1573 1127 1597 eam
1156 1560 1258 1598 diem
1285 1560 1421 1598 cadere

130 1638 309 1663 nummos
342 1624 407 1674 qui
436 1638 458 1662 a
492 1625 639 1672 Quinto
673 1624 871 1661 debentur.
929 1623 1055 1661 Velim
1085 1623 1205 1672 igitur,
1236 1623 1419 1672 quoniam

129 1689 221 1727 Tiro
241 1697 352 1738 negat
372 1689 440 1727 tibi
460 1691 608 1738 placere
631 1703 693 1728 me
719 1690 799 1727 eius
827 1688 879 1726 rei
909 1700 1022 1725 causa
1043 1689 1209 1725 Romam
1228 1687 1370 1734 venire,
1389 1686 1419 1724 si

74 1769 111 1801 ²5
131 1767 175 1792 ea
194 1761 231 1791 te
250 1766 307 1791 res
327 1753 421 1790 nihil
445 1754 623 1799 offendet,
646 1753 774 1791 videas
801 1753 904 1790 unde
931 1750 1078 1788 nummi
1104 1750 1192 1797 sint,
1211 1750 1304 1787 mihi
1324 1751 1419 1788 feras

130 1829 349 1866 expensum.
408 1818 498 1854 Hoc
526 1816 638 1854 video
667 1816 705 1853 in
735 1815 947 1865 praesentia
976 1827 1072 1864 opus
1105 1827 1197 1851 esse.
1256 1814 1420 1863 Reliqua

130 1879 346 1929 diligentius
383 1893 429 1917 ex
465 1881 538 1917 hoc
576 1879 659 1929 ipso
697 1879 904 1929 exquiram,
934 1879 972 1916 in
1007 1878 1064 1915 his
1097 1878 1146 1915 de
1178 1878 1418 1916 mercedibus

129 1943 314 1981 dotalium
343 1943 594 1991 praediorum.
653 1944 763 1991 Quae
792 1942 822 1980 si
852 1942 1012 1980 fideliter
1033 1940 1208 1980 Ciceroni
1235 1941 1419 1978 curabun-

129 2015 197 2052 tur,
227 2019 458 2055 quamquam
487 2007 575 2043 volo
603 2005 732 2052 laxius,
763 2013 891 2043 tamen
920 2005 954 2043 ei
982 2018 1100 2055 prope
1131 2005 1290 2042 modum
1324 2004 1417 2042 nihil

74 2085 112 2115 30
130 2070 258 2108 deerit.
316 2069 507 2118 Equidem
534 2069 646 2106 video
675 2069 766 2106 mihi
795 2082 951 2118 quoque
979 2083 1076 2119 opus
1105 2082 1187 2107 esse
1215 2068 1392 2107 viaticum
1408 2083 1417 2115 ;

174 2182 190 2210 7
216 2180 372 2201 causurus
402 2169 477 2200 Ml:
516 2179 650 2200 casurus
681 2169 758 2199 M2:
796 2180 893 2200 causa
921 2181 1034 2201 cursus
1068 2165 1121 2203 Zl:
1162 2181 1281 2202 causae
1303 2180 1418 2202 cursus

129 2213 276 2252 Popma:
314 2212 448 2242 Catulus
479 2222 557 2242 usus
588 2217 638 2242 est
665 2211 800 2251 Madvtg
964 2222 997 2243 11
1017 2214 1148 2244 Carteia
1176 2214 1314 2244 Mz‘t'ller:
1351 2224 1416 2243 -am

135 2255 333 2294 lVesenberg:
358 2264 411 2284 -ae
436 2254 562 2284 Baiter:
589 2254 742 2284 Carthela
768 2254 856 2284 codd.
1009 2266 1045 2294 14
1069 2257 1143 2286 iuva
1169 2257 1278 2296 vulg:
1303 2260 1355 2285 tua
1380 2254 1421 2284 M

131 2307 180 2336 24,
201 2306 240 2335 25
264 2298 291 2327 si
309 2307 348 2326 ea
371 2301 403 2326 te
428 2306 480 2326 res
501 2307 530 2326 v.
544 2307 588 2328 c.:
613 2297 641 2326 si
665 2297 787 2327 sateres
809 2297 858 2327 vel
877 2297 904 2327 si
930 2297 1056 2328 faceres
1080 2303 1133 2329 ΣΔ
1230 2308 1270 2337 29
1294 2298 1415 2337 laxius]

131 2340 290 2379 prolixius
311 2338 494 2378 Wesenberg
508 2350 544 2368 ex
557 2337 675 2369 Lamb.
695 2350 701 2368 ε
725 2339 844 2369 lautius
866 2338 1002 2379 Madvig

175 2415 233 2435 cic.
252 2415 298 2434 An
314 2414 385 2435 ATT.
1292 2405 1333 2434 35
