1590 2730
503 166 612 201 EPP.
643 167 718 202 AD
750 167 999 204 ATTICVM
1334 164 1403 200 XI.
1424 162 1486 199 iii

109 272 210 310 enim
244 275 318 310 hoc
351 273 456 322 quod
488 272 610 321 agitur
638 273 785 310 videtur
818 273 1040 310 diuturnum
1072 286 1153 310 esse
1191 285 1311 320 posse,
1347 279 1388 308 ut

108 335 202 373 scire
230 335 305 373 iarn
336 335 479 385 possim
508 335 602 384 quid
629 336 792 373 maxime
823 349 918 384 opus
947 336 994 373 sit
1008 351 1018 383 3
1059 336 1127 373 etsi
1156 349 1248 383 egeo
1277 335 1387 372 rebus

108 399 300 445 omnibus,
319 399 424 447 quod
452 398 482 435 is
511 411 665 446 quoque
692 397 731 434 in
759 398 940 447 angustiis
968 406 1024 436 est
1053 399 1206 447 quicum
1236 411 1389 442 sumus3

107 461 168 499 cui
199 475 375 511 magnam
408 461 584 499 dedimus
617 461 819 510 pecuniam
850 470 1021 498 mutuam
1050 461 1249 510 opinantes
1278 460 1388 497 nobis

70 535 87 566 5
107 525 321 563 constitutis
342 526 453 563 rebus
477 538 561 562 eam
591 538 669 562 rem
695 525 809 562 etiam
836 525 972 562 honori
992 526 1081 562 fore.
1138 526 1198 560 Tu
1219 532 1259 561 ut
1278 532 1389 560 antea

107 588 248 641 fecisti„
260 589 373 626 velim
399 588 429 626 si
449 588 513 637 qui
534 596 643 626 erunt
668 589 718 626 ad
738 601 833 636 quos
853 588 998 636 aliquid
1017 587 1260 625 scribendum
1281 600 1303 624 a
1328 600 1388 624 me

107 651 296 690 existimes
316 652 397 700 ipse
412 651 602 689 conficias.
660 651 754 689 Tuis
775 653 935 688 salutem
951 651 1022 688 dic.
1081 652 1187 690 Cura
1197 658 1236 687 ut
1252 651 1385 687 valeas.

109 716 154 752 In
175 714 303 764 primis
323 714 362 752 id
383 716 487 764 quod
517 714 648 752 scribis
669 714 846 752 omnibus
867 715 979 752 rebus
1000 727 1088 751 cura
1108 721 1145 752 et
1164 713 1320 763 provide
1340 727 1388 751 ne

107 777 200 826 quid
230 778 263 815 ei
297 778 394 815 desit
427 779 475 816 de
505 791 580 827 qua
618 778 689 815 scis
728 791 788 815 nie
820 777 1070 815 miserrimum
1104 790 1195 815 esse.
1255 776 1388 814 Idibus

51 851 88 872 10
108 841 228 879 Iuniis
247 855 292 879 ex
312 831 450 879 castris.

147 966 210 1000 IV
348 969 416 1001 Ser.
435 971 466 1000 in
484 971 591 1000 castris
606 969 741 1009 Pompei
754 969 800 1000 Id.
821 969 930 1007 Quint.
947 979 976 999 a.
997 970 1054 1008 706
1071 969 1153 1009 (48).

511 1045 679 1075 CICERO
703 1044 869 1074 ATTICO
895 1044 986 1075 SA'L.

158 1123 301 1171 Accepi
333 1123 382 1160 ab
415 1123 563 1160 Isidoro
602 1123 741 1160 litteras
775 1131 811 1160 et
842 1130 973 1170 postea
1004 1123 1110 1159 datas
1143 1122 1259 1158 binas,
1332 1123 1421 1158 Ex1

106 1186 284 1235 proximis
323 1186 485 1235 cognovi
516 1186 670 1234 praedia
707 1199 785 1223 non
815 1186 973 1223 venisse.
1043 1186 1202 1223 Videbis
1232 1199 1318 1234 ergo
1348 1186 1388 1222 ut

50 1263 86 1295 15
107 1257 337 1287 sustentetur
365 1262 431 1298 per
459 1256 506 1286 te.
566 1251 624 1286 De
646 1249 844 1294 Frusinati,
867 1249 895 1285 si
926 1249 1043 1286 modo
1072 1248 1216 1285 fruituri
1246 1261 1386 1294 sumus,

105 1312 173 1349 erit
202 1312 295 1349 mihi
324 1326 381 1349 res
410 1319 634 1360 opportuna.
694 1313 802 1349 Meas
831 1311 971 1348 litteras
1002 1313 1106 1360 quod
1135 1311 1301 1359 requiris,
1324 1311 1389 1348 im-

105 1375 238 1424 pedior
257 1375 385 1424 inopia
405 1389 528 1413 rerum
545 1388 638 1424 quas
659 1376 780 1412 nullas
796 1374 921 1412 habeo
937 1374 1067 1411 litteris
1088 1374 1231 1422 dignas,
1247 1374 1388 1422 quippe

105 1438 164 1476 cui
198 1452 269 1476 nee
299 1452 397 1487 quae
429 1438 608 1475 accidunt
639 1451 710 1475 nec
739 1451 836 1486 quae
863 1445 1025 1486 aguntur
1054 1439 1131 1474 ullo
1162 1438 1279 1474 modo
1307 1450 1388 1485 pro-

107 1501 252 1538 bentur.
309 1501 466 1538 Vtinam
498 1514 624 1538 coram
652 1508 778 1538 tecum
802 1500 892 1537 olim
920 1500 1045 1548 potius
1075 1513 1188 1548 quam
1220 1512 1286 1548 per
1314 1500 1388 1547 epi-

49 1580 87 1600 20
106 1566 221 1602 stulas
239 1567 244 1601 !
301 1565 379 1602 Hic
401 1572 475 1610 tua,
491 1572 531 1601 ut
551 1577 718 1613 possum,
733 1572 841 1601 tueor
859 1565 962 1613 apud
983 1564 1063 1600 hos.
1113 1564 1249 1601 Cetera
1266 1564 1386 1601 Celer.

107 1629 195 1675 Ipse
215 1628 291 1676 fugi
311 1629 437 1665 adhuc
451 1641 565 1665 omne
583 1641 721 1665 munus
737 1641 783 1665 eo
800 1627 917 1675 magis
938 1628 1043 1676 quod
1059 1627 1109 1664 ita
1129 1626 1222 1663 nihil
1242 1633 1389 1675 poterat

103 1689 162 1738 agi
183 1697 222 1727 ut
243 1690 335 1727 mihi
355 1698 391 1727 et
412 1691 505 1728 meis
526 1692 638 1728 rebus
658 1698 789 1739 aptum
810 1698 918 1728 esset.

145 1834 208 1867 IV
224 1845 247 1867 a
290 1836 355 1867 Ser.
376 1837 556 1875 Dyrrhachi
570 1839 651 1867 inter
664 1838 760 1868 xvz'et
776 1838 824 1867 xii
836 1838 878 1868 K.
897 1838 1006 1876 Quint.
1027 1849 1056 1869 a.
1077 1839 1132 1875 706
1150 1838 1231 1876 (48¹.

503 1911 669 1942 CICERO
691 1912 865 1942 ATTICO
887 1911 991 1942 SAL.

48 1999 84 2030 25
159 1980 263 2028 Quid
283 1980 329 2017 sit
353 1988 501 2029 gestum
525 1981 614 2018 novi
635 1982 792 2029 quaeris.
853 1983 910 2018 Ex
938 1981 1085 2018 Isidoro
1115 1981 1208 2018 scire
1233 1981 1383 2029 poteris.
1405 1981 1460 2032 (2)

106 2043 269 2092 Reliqua
292 2056 370 2080 non
395 2043 571 2081 videntur
599 2057 682 2081 esse
710 2043 930 2081 difficiliora.
987 2045 1047 2081 Tu
1078 2044 1116 2081 id
1144 2043 1255 2080 velim
1283 2045 1386 2092 quod

144 2154 162 2181 3
186 2154 297 2174 sumus
316 2144 415 2183 vulga
451 2145 591 2174 suismus
609 2145 665 2174 M:
692 2144 809 2174 suimus
826 2144 864 2173 Zl
995 2155 1030 2182 15
1055 2145 1181 2174 fruituri
1198 2143 1385 2176 Lehmann:

104 2187 211 2216 future
229 2186 285 2215 M:
313 2186 408 2216 futuri
425 2187 510 2226 vulg.
637 2197 677 2216 20
701 2187 765 2216 Hic
791 2187 860 2226 tua]
886 2186 960 2216 ln'nc
983 2197 1080 2225 nsque
1105 2187 1150 2216 ad
1173 2189 1201 2217 6.
1221 2197 1239 2215 2
1258 2188 1386 2225 (adimi)

103 2232 203 2258 exstat
222 2228 266 2258 W
430 2239 470 2266 23
495 2239 552 2258 cnr
563 2229 637 2258 haec
650 2229 781 2268 epistula
797 2230 835 2258 ab
852 2239 870 2266 4
886 2229 1063 2267 separanda
1079 2230 1119 2258 sit
1134 2233 1272 2258 accurate
1287 2229 1389 2258 docuit

102 2270 280 2310 Sternkopf
299 2270 402 2303 (Zur
433 2271 638 2310 Cln‘onologie
666 2271 721 2300 der
741 2271 845 2309 Brt'ese
875 2270 992 2300 Cim-os
1021 2282 1081 2300 ans
1109 2271 1167 2300 den
1191 2271 1315 2309 Jalzren
1345 2273 1386 2309 48

104 2312 174 2341 und
187 2312 245 2350 47’
267 2318 322 2353 pp.
346 2314 471 2350 11—145.
520 2312 762 2352 Dt'iungetzdanz
786 2323 848 2343 esse
870 2313 908 2342 ab
932 2313 1085 2352 superiore
1107 2314 1172 2342 iam
1192 2317 1388 2353 perspexerat

103 2354 193 2385 Man.
325 2356 365 2384 26
388 2355 482 2384 velim
504 2355 563 2384 W:
586 2356 666 2385 velis
682 2355 720 2384 M
