1690 2710
537 114 647 151 EPP.
679 113 754 151 AD
784 112 1035 150 ATTICVM
1327 110 1411 147 XV.
1428 109 1475 145 vi

135 227 240 276 quod
263 238 334 275 ego
362 223 604 268 existimares,
627 221 718 259 istos
744 220 858 258 etiam
887 233 989 257 nunc
1009 220 1127 258 vereri
1152 232 1202 257 ne
1224 220 1320 256 forte
1346 217 1417 267 ipsi

134 289 253 327 nostri
271 290 356 337 plus
375 286 493 325 animi
512 285 678 322 habeant
698 296 813 332 quam
833 283 986 321 habent.

371 349 622 387 ‘HIRTIVS
653 347 921 386 CICERONI
951 346 1052 384 SVO
1081 347 1189 384 SAL.

189 416 338 452 Rurene
373 413 448 451 iam
485 410 660 449 redierim
707 409 866 459 quaeris.
939 411 1002 447 An
1040 423 1120 458 ego,
1161 422 1249 446 cum
1286 418 1464 447 omnes2

96 479 295 523 5.caleant,
316 475 497 525 ignaviter
521 474 665 523 aliquid
686 473 852 511 faciam?
908 472 1033 510 Etiam
1054 485 1099 510 ex
1118 472 1212 509 urbe
1235 484 1318 509 sum
1339 484 1421 520 pro-

135 542 267 586 fectus,
289 539 416 578 utilius
445 537 547 577 enim
576 536 688 575 statui
717 537 860 574 abesse.
920 537 1004 573 Has
1031 534 1100 573 tibi
1125 535 1265 572 litteras
1292 534 1420 573 exiens

134 602 173 640 in
209 603 471 641 Tusculanum
509 599 650 650 scripsi.
714 599 804 637 Noli
840 606 969 636 autem
1007 611 1068 636 me
1106 605 1184 636 tam
1222 605 1418 635 strenuum

133 673 266 715 putare
289 673 330 703 ut
357 666 407 702 ad
431 665 563 702 Nonas
589 675 787 701 recurram.
846 661 952 700 Nihil
971 661 1074 700 enim
1094 660 1169 698 iam
1188 661 1302 698 video
1322 673 1418 710 opus

135 742 217 767 esse
237 736 364 767 nostra
382 740 484 775 cura,
504 725 686 776 quoniam
707 724 894 775 praesidia
922 732 1010 763 sunt
1037 724 1076 762 in
1104 731 1160 762 tot
1187 724 1309 762 anno‘s
1338 737 1420 773 pro-

81 805 118 828 10
135 791 224 829 visa.
282 793 420 829 Brutus
451 797 488 829 et
517 789 670 829 Cassius
702 788 847 827 utinam
879 801 995 837 quam
1024 787 1133 826 facile
1163 801 1185 825 a
1215 795 1250 825 te
1280 788 1328 825 de
1359 800 1420 824 me

135 855 335 904 impetrare
364 860 523 903 possunt
557 852 608 890 ita
641 866 707 902 per
740 860 776 890 te
814 858 1015 889 exorentur
1047 864 1095 889 ne
1128 852 1233 900 quod
1262 850 1420 888 calidius

134 918 264 956 ineant
283 917 484 955 consilium
502 919 508 953 1
566 915 748 955 Cedentis
770 914 872 953 enim
901 916 996 952 haec
1015 914 1069 952 ais
1095 913 1421 962 scripsisse-quo

133 988 199 1019 aut
219 994 294 1030 qua
312 982 379 1018 re?
435 980 584 1025 Retine‚
609 980 769 1017 obsecro
797 985 843 1024 te,
867 977 1013 1024 Cicero,
1035 977 1119 1014 illos
1139 984 1176 1014 et
1195 977 1274 1014 noli
1299 977 1421 1015 sinere
1439 983 1463 1020 3

134 1045 229 1082 haec
249 1043 378 1081 omnia
405 1043 534 1092 perire,
560 1055 657 1091 quae
689 1041 860 1080 funditus
889 1042 1027 1079 medius
1055 1040 1168 1078 fidius
1196 1040 1346 1089 rapinis,
1370 1040 1422 1077 in-

83 1119 115 1150 15
134 1107 290 1154 cendiis,
330 1107 512 1144 caedibus
551 1112 823 1155 pervertuntur.
881 1106 1050 1142 Tantum
1089 1104 1119 1142 si
1157 1103 1249 1153 quid
1287 1103 1423 1141 timent

134 1178 302 1216 caveant,
342 1169 435 1206 nihil
474 1176 667 1218 praeterea
707 1168 919 1206 moliantur.
995 1169 1086 1205 Non
1123 1166 1273 1205 medius
1310 1166 1422 1204 fidius

133 1233 324 1272 acerrimis
353 1232 520 1270 consiliis
541 1233 625 1282 plus
648 1245 763 1280 quarn
785 1231 898 1269 etiam
923 1230 1170 1276 inertissimis,
1192 1231 1284 1268 dum
1305 1231 1423 1268 modo

134 1296 389 1346 diligentibus,
413 1302 705 1345 consequentur.
766 1296 877 1332 Haec
906 1294 1008 1332 enim
1029 1307 1127 1342 quae
1147 1295 1270 1331 fluunt
1290 1307 1355 1343 per
1383 1306 1424 1332 Se

134 1361 312 1399 diuturna
332 1373 410 1397 non
431 1366 518 1397 sunt
532 1373 542 1406 5
571 1358 609 1396 in
629 1357 877 1396 contentione
897 1356 1105 1406 praesentis
1133 1357 1182 1394 ad
1202 1357 1423 1394 nocendum

78 1439 116 1461 20
135 1424 278 1461 habent
303 1423 400 1461 viris.
458 1421 564 1471 Quid
593 1434 719 1471 speres
749 1422 797 1461 de
826 1420 897 1458 illis
926 1420 964 1458 in
990 1421 1254 1458 Tusculanum
1282 1421 1332 1458 ad
1361 1433 1423 1459 me

134 1487 279 1525 scribe.’

188 1551 322 1588 Habes
353 1549 455 1587 Hirti
484 1549 695 1599 epistulam.
753 1547 827 1588 Cui
855 1546 1027 1597 rescripsi
1059 1547 1112 1584 nil
1144 1546 1229 1585 illos
1262 1545 1464 1593 calidius4

135 1613 299 1663 cogitare
336 1613 453 1662 idque
494 1611 724 1651 confirmavi.
795 1613 885 1650 Hoc
927 1612 1207 1660 qualecumque
1249 1617 1348 1648 esset
1382 1616 1421 1648 te

135 1676 229 1715 scire
249 1677 361 1715 volui.

79 1755 115 1786 ²5
187 1740 398 1789 Obsignata
430 1739 505 1777 iam
541 1739 682 1778 Balbus
711 1739 760 1777 ad
789 1752 851 1777 me
880 1737 1074 1776 Serviliam
1104 1736 1256 1783 redisse,
1289 1737 1422 1775 confir-

136 1817 238 1843 mare
258 1817 336 1842 non
356 1804 599 1842 discessuros.
659 1805 773 1842 Nunc
794 1810 972 1852 exspecto
992 1816 1015 1840 a
1034 1809 1070 1840 te
1090 1801 1241 1839 litteras.

177 1896 266 1932 VII
361 1899 428 1930 Scr.
448 1900 480 1929 in
503 1899 682 1930 Tusculano
699 1910 718 1929 v
733 1902 790 1929 ant
805 1899 835 1928 iv
850 1898 891 1928 K.
910 1897 983 1928 Iun.
1003 1907 1033 1928 a.
1056 1906 1111 1936 710
1129 1896 1214 1937 (44).

529 1958 696 1989 CICERO
725 1957 900 1987 ATTICO
929 1956 1031 1987 SAL.

189 2019 349 2056 Gratum
377 2019 483 2066 quod
512 2017 605 2054 mihi
636 2017 815 2066 epistulas
830 2030 839 2063 3
868 2029 966 2065 quae
986 2015 1142 2064 quidem
1171 2028 1233 2052 me
1261 2016 1424 2053 delecta-

77 2095 117 2126 30
135 2090 232 2129 runt,
271 2082 310 2119 in
355 2081 485 2131 primis
532 2080 634 2119 Sexti
672 2080 800 2118 nostri.
873 2079 998 2125 Dices,
1050 2078 1162 2127 ‘quia
1199 2086 1236 2115 te
1273 2079 1426 2116 laudat.'

137 2148 236 2184 Puto
261 2157 322 2183 me
348 2145 502 2182 hercule
530 2144 569 2182 id
596 2157 751 2195 quoque
781 2156 864 2182 esse
893 2155 1039 2188 causae,
1062 2142 1130 2180 sed
1155 2148 1284 2179 tamen
1310 2141 1424 2179 etiam

178 2257 197 2285 4
221 2246 357 2276 Rurene
383 2244 588 2284 Wesenberg:
613 2254 687 2275 rure
704 2243 791 2275 codd.
925 2252 943 2281 5
969 2242 1073 2272 Etiam
1090 2252 1097 2279 ;
1118 2251 1160 2271 ex
1178 2241 1262 2272 Reid
1389 2251 1423 2271 11

136 2288 273 2320 calidius
290 2288 403 2318 Lamb.
420 2298 427 2319 ;
452 2288 599 2318 callidius
617 2287 657 2318 M
763 2296 799 2326 14
824 2286 949 2317 medius
965 2284 1040 2316 add.
1057 2287 1125 2315 vett.
1215 2293 1256 2323 25
1273 2287 1348 2324 post
1362 2284 1425 2318 iam

137 2331 210 2363 add.
231 2330 373 2371 epistula
389 2330 473 2371 vulg.
1280 2369 1342 2400 34*
