1590 2730
508 151 616 187 EPP.
648 152 723 187 AD
752 152 1001 190 ATTICVM
1383 159 1427 193 X.
1450 157 1494 193 ix
1516 169 1538 194 Α

129 256 372 295 cunctatione
392 265 429 296 te
448 257 604 296 subisse.
664 260 778 296 Nunc
804 267 839 297 te
863 268 993 297 contra
1013 261 1192 298 victorem
1215 264 1416 301 Caesarem

128 322 261 367 facere,
283 333 398 369 quem
418 320 544 358 dubiis
565 321 676 358 rebus
700 322 849 359 laedere
875 322 1038 369 noluisti,
1060 331 1097 361 et
1116 326 1165 362 ad
1185 337 1249 362 eos
1270 327 1416 374 fugatos

127 384 319 428 accedere,
348 396 444 432 quos
466 383 673 421 resistentis
701 384 807 432 sequi
836 385 1010 431 nolueris,
1039 398 1210 425 summae
1238 388 1417 427 stultitiae

128 453 194 484 est.
251 445 351 484 Vide
371 459 429 492 ne,
451 447 543 483 dum
565 447 683 495 pudet
710 454 746 484 te
769 460 901 496 parum
926 448 1148 497 optimatem
1169 463 1260 496 esse,
1283 465 1416 499 parum

92 523 108 554 5
127 509 326 558 diligenter
355 509 448 558 quid
479 509 667 558 optimum
701 510 746 547 sit
779 510 903 559 eligas.
973 512 1089 559 Quod
1127 513 1157 549 si
1194 520 1317 550 totum
1348 514 1415 551 tibi
1434 519 1459 556 3

126 573 353 622 persuadere
389 585 467 610 non
505 585 672 621 possum,
705 575 848 619 saltem,
880 575 971 611 dum
1005 575 1097 623 quid
1135 577 1183 613 de
1219 576 1414 625 Hispaniis

125 648 280 684 agamus
301 635 425 682 scitur,
448 643 624 684 exspecta
641 651 649 682 3
682 649 775 684 quas
800 636 866 673 tibi
896 637 1030 675 nuntio
1056 639 1221 675 adventu
1243 640 1414 676 Caesaris

126 699 204 735 fore
234 706 391 736 nostras.
450 699 576 746 Quam
608 699 667 736 isti
701 712 807 747 spem
838 700 1002 737 habeant
1035 701 1181 738 amissis
1216 702 1413 750 Hispaniis

125 760 254 799 nescio
272 775 281 807 3
309 762 413 810 quod
433 774 545 810 porro
568 769 675 799 tuum
703 762 903 799 consilium
932 762 978 800 sit
1000 764 1048 801 ad
1073 765 1290 813 desperatos
1310 778 1413 803 acce-

70 838 109 861 10
126 824 214 861 dere
234 837 312 862 non
333 824 481 862 medius
500 824 612 862 fidius
632 825 787 874 reperio.

179 889 268 925 Hoc
285 889 389 936 quod
409 895 449 925 tu
469 901 547 925 non
563 888 730 926 dicendo
746 889 837 926 mihi
859 889 1075 938 significasti
1091 891 1229 929 Caesar
1244 892 1413 930 audierat
1431 899 1457 936 4

124 964 178 997 ac,
201 950 312 988 simul
338 958 453 1000 atque
482 952 618 989 ‘have'
645 951 737 988 mihi
764 952 867 997 dixit,
890 953 1015 990 statim
1042 953 1134 1002 quid
1158 956 1206 992 de
1230 962 1266 992 te
1291 956 1414 993 audis-

125 1021 181 1052 set
209 1014 392 1063 exposuit.
450 1015 595 1064 Negavi
624 1028 685 1052 me
718 1015 822 1061 scire,
849 1018 915 1054 sed
945 1024 1072 1054 tamen
1100 1017 1149 1054 ab
1178 1030 1224 1055 eo
1252 1018 1343 1067 petii
1372 1027 1412 1057 ut

124 1079 173 1115 ad
194 1085 229 1115 te
250 1077 390 1116 litteras
411 1077 584 1124 mitteret,
607 1077 745 1126 quibus
767 1078 929 1116 maxime
948 1080 997 1116 ad
1018 1082 1291 1118 remanendum
1313 1095 1412 1118 com-

68 1153 105 1185 15
125 1141 267 1179 moveri
295 1153 435 1190 posses.
494 1143 561 1179 Me
590 1154 719 1179 secum
748 1142 786 1178 in
810 1142 1035 1191 Hispaniam
1057 1143 1187 1189 ducit3
1224 1157 1312 1180 nam
1342 1145 1411 1181 nisi

124 1204 175 1242 ita
204 1207 351 1250 faceret,
381 1218 461 1254 ego,
488 1204 589 1253 prius
616 1218 730 1253 quarn
756 1206 805 1242 ad
829 1206 961 1243 urbem
988 1207 1220 1252 accederem,
1243 1207 1413 1245 ubicum-

123 1282 198 1317 que
219 1282 330 1315 esses,
352 1270 401 1306 ad
421 1276 457 1306 te
477 1268 792 1317 percucurrissem
814 1276 850 1306 et
871 1270 944 1306 hoc
963 1282 985 1306 a
1005 1277 1041 1306 te
1061 1283 1237 1318 praesens
1258 1278 1413 1309 conten-

122 1332 262 1370 dissem
291 1340 406 1381 atque
434 1332 539 1369 omni
559 1332 595 1369 vi
623 1339 659 1369 te
688 1331 936 1369 retinuissem.
996 1332 1120 1369 Etiam
1146 1340 1259 1381 atque
1283 1334 1407 1381 etiam,
1429 1343 1452 1381 5

123 1395 269 1442 Cicero,
292 1395 415 1444 cogita
442 1408 491 1433 ne
514 1402 550 1432 te
576 1401 738 1443 tuosque
767 1394 892 1432 ornnis
921 1395 1090 1432 funditus
1117 1403 1270 1442 evertas,
1296 1410 1344 1435 ne
1373 1405 1409 1435 te

68 1472 105 1493 20
122 1458 245 1497 sciens
274 1461 518 1508 prudensque
547 1471 593 1495 eo
622 1458 798 1496 demittas
829 1459 931 1496 unde
962 1458 1102 1496 exitum
1129 1459 1234 1497 vides
1264 1462 1410 1498 nullum

121 1535 213 1559 esse.
272 1523 389 1570 Quod
409 1522 439 1559 si
459 1529 496 1560 te
508 1529 572 1559 aut
591 1535 703 1559 voces
724 1521 964 1570 optimatium
986 1530 1229 1560 commovent
1249 1531 1312 1561 aut
1332 1537 1410 1562 non

121 1587 311 1622 nullorum
344 1585 544 1623 hominum
581 1584 822 1622 insolentiam
853 1592 889 1622 et
923 1584 1164 1623 iactationem
1202 1587 1295 1624 ferre
1332 1600 1410 1624 non

120 1655 238 1697 poteS,
262 1649 376 1697 eligas
400 1662 538 1686 censeo
561 1648 717 1696 aliquod
745 1648 930 1697 oppidum
951 1661 1110 1685 vacuum
1138 1662 1159 1685 a
1183 1649 1294 1695 bello,
1317 1651 1408 1687 dum

121 1712 215 1750 haec
230 1713 508 1759 decernuntur3
535 1725 633 1760 quae
654 1711 728 1749 iam
749 1719 857 1749 erunt
878 1713 1060 1749 confecta.
1109 1713 1154 1749 Id
1170 1712 1200 1749 si
1216 1713 1356 1759 feceris,
1373 1722 1409 1751 et

64 1785 102 1817 25
121 1788 192 1825 ego
211 1783 247 1814 te
267 1775 455 1825 sapienter
474 1775 607 1813 fecisse
627 1774 806 1812 iudicabo
827 1782 862 1812 et
879 1775 1081 1812 Caesarem
1101 1788 1179 1812 non
1199 1777 1379 1814 offendes.

162 1873 203 1906 X
393 1875 458 1907 Ser.
478 1877 509 1906 in
529 1876 676 1906 Cumano
692 1886 711 1906 v
727 1876 810 1905 Non.
830 1874 909 1906 Mai.
928 1886 954 1906 a.
978 1885 1030 1914 705
1048 1876 1133 1916 (49).

527 1950 695 1980 CICERO
719 1950 885 1980 ATTICO
911 1950 1004 1980 SAL.

173 2023 238 2059 Me
269 2033 425 2058 caecum
463 2020 528 2069 qui
565 2022 659 2057 haec
696 2028 783 2057 ante
817 2033 894 2057 non
924 2019 1106 2057 viderim!
1164 2020 1253 2057 Misi
1290 2022 1339 2059 ad
1369 2028 1441 2059 te1

118 2084 318 2133 epistulam
338 2083 493 2121 Antoni.
552 2083 597 2120 Ei
618 2096 705 2120 cum
726 2096 796 2131 ego
822 2083 1040 2132 saepissime
1060 2083 1291 2131 scripsissem
1312 2084 1405 2122 nihil

63 2161 101 2191 30
118 2161 179 2185 me
207 2154 338 2185 contra
358 2146 529 2185 Caesaris
555 2146 718 2184 rationes
747 2146 920 2194 cogitare,
944 2145 1160 2183 meminisse
1189 2159 1249 2184 me
1277 2147 1404 2195 generi

163 2259 176 2277 1
201 2248 375 2278 Caesarem
393 2248 495 2287 ortus
572 2258 592 2286 9
616 2248 701 2286 quod
710 2248 747 2285 f:
773 2247 849 2285 quid
867 2246 952 2276 codd.
1046 2257 1082 2285 13
1107 2248 1213 2286 sedf:
1237 2258 1299 2278 om.
1316 2247 1401 2279 coddr

120 2291 246 2330 petiis:
271 2291 371 2329 petivi
389 2290 428 2320 M
547 2300 582 2328 17
608 2290 883 2328 percucurrissem
904 2288 1017 2318 CMffs:
1043 2290 1308 2328 pervicurrissem
1326 2289 1402 2321 M¹z

120 2334 353 2372 percurrissem
369 2332 495 2371 ORPf
574 2342 613 2369 24
637 2332 794 2361 confecta.
842 2332 875 2360 Id
893 2332 919 2360 si
938 2332 1052 2361 feceris
1070 2331 1171 2362 codd:
1196 2332 1410 2371 confeceris]

120 2385 162 2414 29
184 2375 381 2413 aequissime
398 2374 553 2413 Madvzg:
576 2374 774 2412 amplissime
791 2373 871 2404 Reid
1303 2415 1320 2434 ᾖς

1261 2418 1300 2446 23
