1590 2730
45 142 115 177 XI.
137 141 241 176 xxiii
521 141 575 176 M.
607 140 768 176 TVLLI
799 139 1095 177 CICERONIS

164 248 201 285 in
224 248 266 285 iis
287 248 416 285 litteris
436 247 574 292 nescio,
594 248 660 285 sed
682 247 772 284 mihi
788 249 897 285 valde
918 247 1084 295 Quintus
1100 249 1210 286 frater
1229 250 1442 297 gratulatur.

166 311 356 360 Equidem
376 311 414 348 in
435 324 522 348 meo
543 318 648 348 tanto
674 317 832 359 peccato
852 310 945 346 nihil
969 324 1017 348 ne
1036 311 1266 359 cogitatione
1289 311 1444 360 quidem

120 383 143 419 3
163 375 321 424 adsequi
350 388 506 423 possum
530 375 634 422 quod
662 373 753 410 mihi
783 374 976 411 tolerabile
1005 374 1123 423 possit
1149 388 1240 412 esse.
1298 376 1356 412 Te
1379 388 1445 412 oro

163 446 202 475 ut
236 440 284 475 de
314 439 385 475 hac
420 437 555 474 misera
582 437 724 485 cogites
755 444 792 474 et
825 436 918 474 illud
951 439 999 474 de
1028 451 1105 486 quo
1132 439 1181 475 ad
1211 445 1247 475 te
1277 438 1445 487 proxime

162 502 303 550 scripsi,
327 509 367 538 ut
393 501 536 550 aliquid
562 500 784 538 conficiatur
808 502 858 537 ad
884 500 1051 549 inopiam
1080 503 1387 550 propulsandam,
1409 508 1446 538 et
1466 509 1482 540 5

163 566 276 603 etiam
301 567 349 602 de
375 564 457 613 ipso
482 571 719 602 testamento,
779 565 880 601 Illud
907 577 1061 612 quoque
1080 566 1216 601 vellem
1241 572 1353 602 antea
1379 565 1446 602 sed

163 628 292 666 onmia
329 627 533 665 timuimus.
604 627 743 664 Melius
781 627 936 675 quidem
970 627 1007 663 in
1041 627 1214 676 pessimis
1248 627 1341 664 nihil
1377 627 1447 664 fuit

164 692 335 730 discidio.
390 691 546 739 Aliquid
566 690 785 727 fecissemus
806 697 847 726 ut
866 689 932 726 viri
953 691 1010 726 vel
1031 691 1243 727 tabularum
1264 704 1446 728 novarum

165 755 320 793 nomine
349 756 407 791 vel
436 761 706 791 nocturnarum
739 753 1061 801 expugnationum
1091 755 1149 790 vel
1182 756 1361 792 Metellae
1388 756 1446 791 vel

164 818 335 856 omnium
371 819 555 854 malorum
572 832 579 862 3
621 829 692 853 nec
721 829 778 853 res
808 816 964 864 perisset
995 824 1031 853 et
1062 816 1275 854 videremur
1303 817 1446 865 aliquid
1471 831 1507 851 10

165 882 305 919 doloris
334 880 447 917 virilis
476 880 664 918 habuisse.
725 880 885 917 Memini
916 880 1074 917 omnino
1103 887 1185 917 tuas
1214 881 1354 918 litteras
1380 882 1447 918 sed

165 953 201 982 et
221 953 370 993 tempus
392 944 506 989 illud;
535 943 604 981 etsi
624 942 774 992 quidvis
801 943 992 990 praestitit.
1053 945 1166 980 Nunc
1193 943 1348 992 quidem
1368 944 1449 992 ipse

165 1009 313 1045 videtur
332 1007 579 1053 denuntiare3
606 1006 782 1044 audimus
807 1005 908 1042 enim
929 1007 977 1043 de
1004 1013 1126 1043 statua
1147 1007 1269 1044 Clodi.
1328 1008 1450 1044 Gene-

166 1085 299 1110 rumne
315 1079 484 1108 nostrum
498 1070 739 1119 potissimum
753 1071 810 1106 vel
824 1070 897 1106 hoc
910 1070 968 1106 vel
982 1070 1129 1107 tabulas
1143 1083 1259 1107 novas
1273 1073 1288 1108 ?
1320 1072 1448 1108 Placet

167 1135 259 1173 mihi
296 1134 407 1183 igitur
439 1141 475 1171 et
505 1133 595 1171 item
629 1133 697 1170 tibi
727 1132 903 1169 nuntium
941 1132 1089 1169 remitti.
1148 1135 1255 1170 Petet
1292 1135 1447 1172 fortasse
1470 1145 1506 1176 15

167 1199 314 1237 tertiam
343 1198 577 1247 pensionem.
636 1197 846 1235 Considera
876 1197 985 1246 igitur
1014 1205 1145 1234 tumne
1173 1211 1260 1235 cum
1288 1199 1337 1235 ab
1366 1199 1449 1248 ipso

169 1270 343 1300 nascetur
361 1276 409 1299 an
430 1261 542 1310 prius.
598 1263 680 1310 Ego
700 1260 730 1297 si
750 1263 827 1298 ullo
848 1262 965 1298 modo
986 1268 1156 1309 potuero,
1177 1263 1235 1299 vel
1256 1262 1449 1299 nocturnis

169 1326 365 1363 itineribus
385 1324 553 1373 experiar
572 1332 612 1361 ut
639 1332 674 1361 te
694 1323 853 1361 videam.
912 1325 972 1360 Tu
993 1331 1028 1361 et
1055 1325 1148 1361 haec
1165 1332 1200 1362 et
1221 1324 1249 1362 si
1271 1325 1363 1374 quid
1383 1326 1451 1364 erit

171 1390 276 1439 quod
296 1388 440 1426 intersit
461 1401 545 1425 mea
564 1387 658 1425 scire
677 1386 818 1424 scribas
838 1387 960 1424 velim.
1020 1389 1123 1424 Vale.

215 1550 360 1585 XXIV
469 1552 535 1582 Ser.
554 1550 779 1580 Brmzdz'sz'vz't'i
791 1550 840 1581 Id.
858 1550 941 1580 Sext.
959 1561 986 1580 a.
1006 1560 1062 1589 707
1078 1558 1109 1589 «4
1117 1552 1156 1589 7).
1473 1564 1512 1585 20

570 1643 738 1673 CICERO
763 1643 928 1673 ATTICO
961 1643 1053 1673 SAL.

141 1746 155 1770 1
227 1734 336 1780 Quae
356 1732 503 1769 dudum
523 1731 573 1768 ad
594 1743 654 1767 me
673 1737 709 1767 et
730 1743 827 1778 quae
847 1729 960 1767 etiam
980 1731 1051 1773 †ad
1072 1742 1133 1766 me
1152 1728 1271 1767 visat†
1290 1726 1454 1764 Tulliam

174 1796 221 1833 de
242 1808 302 1832 me
322 1793 511 1843 scripsisti,
535 1807 578 1831 ea
598 1793 720 1830 sentio
741 1806 822 1830 esse
842 1806 938 1830 vera.
998 1795 1056 1829 Eo
1076 1805 1159 1829 sum
1186 1790 1363 1835 miserior,
1386 1789 1455 1827 etsi

216 1907 231 1934 7
255 1896 379 1927 omnial
398 1901 544 1933 tempora
561 1895 607 1924 vel
620 1894 730 1924 omina
745 1894 892 1924 Schmidt
1039 1895 1058 1923 8
1082 1899 1114 1923 ut
1132 1893 1191 1922 viri
1208 1892 1434 1930 Pantagathus
1449 1903 1455 1921 ε

173 1945 205 1969 ut
231 1940 295 1968 uiui
320 1938 423 1967 codd.:
450 1937 501 1967 vel
525 1938 591 1967 vini
617 1937 693 1966 coni.
718 1937 900 1976 chsmbctg
1045 1947 1064 1974 9
1087 1936 1221 1965 alterum
1239 1934 1289 1964 vel
1307 1938 1381 1964 ΣΔ;
1404 1934 1455 1963 vel

174 1983 205 2011 in
234 1979 330 2011 WZl:
358 1981 451 2010 velim
469 1978 531 2008 Zs':
556 1979 607 2009 vel
628 1981 759 2009 nomine
779 1979 945 2009 Schmidt:
969 1979 1064 2008 villae
1084 1979 1160 2008 coni.
1184 1977 1297 2006 Orelli:
1320 1977 1458 2006 omittere

173 2025 240 2054 vult
260 2023 441 2061 lmsenhmg
542 2032 578 2052 12
604 2022 714 2061 Nunc]
731 2023 780 2051 ht'c
793 2021 904 2051 desinit
922 2020 966 2049 W
1067 2030 1102 2058 13
1128 2021 1317 2049 renuntiare
1337 2019 1454 2048 Grono-

173 2067 243 2096 vius
360 2066 400 2095 de
423 2070 532 2095 statua
557 2065 651 2094 Clodi
675 2065 793 2101 conieci,
813 2065 849 2102 cf.
869 2064 964 2102 Frag.
985 2074 1012 2093 ν.
1033 2074 1095 2093 20:
1120 2063 1159 2091 de
1183 2062 1296 2091 staturi
1317 2061 1402 2090 elodi
1420 2059 1459 2088 M

178 2120 212 2146 14
232 2109 326 2148 prius
341 2109 391 2138 vel
409 2108 532 2137 conieci:
557 2112 591 2137 ut
602 2107 688 2137 codd.
701 2118 706 2136 :
733 2107 835 2135 locum
852 2107 896 2135 ita
911 2106 1072 2145 explicavit
1086 2104 1233 2135 Schnn‘dt
1244 2104 1455 2133 Generumne

176 2156 322 2181 nostrum
340 2151 448 2188 potius
477 2161 516 2180 sc.
533 2141 789 2188 exspectabin‘ms)
803 2154 837 2178 ut
853 2149 914 2178 hoc
932 2152 983 2184 (sc.
998 2148 1119 2185 ‹ffciatl
1132 2147 1182 2176 vel
1197 2147 1322 2176 tabulas
1337 2147 1453 2174 novas?

180 2196 215 2223 16
238 2203 309 2223 cum
325 2192 416 2223 Man.
436 2205 442 2222 :
466 2193 530 2222 vim
548 2192 632 2222 codd.
720 2192 760 2221 ab
777 2191 847 2229 ipso
863 2191 943 2221 Ant.
958 2191 1024 2220 Fl:
1047 2191 1148 2219 abuso
1166 2189 1205 2218 M
1333 2188 1369 2216 18
1393 2187 1455 2216 hoc

181 2236 363 2275 ll'esenberg
480 2245 517 2272 19
540 2244 612 2264 mea
629 2234 768 2263 Ernesti:
794 2244 844 2263 me
860 2233 945 2263 codd.
1070 2242 1109 2261 :22
1132 2241 1216 2269 quae
1233 2231 1330 2260 etiam
1346 2230 1386 2259 acl
1403 2239 1454 2258 me

175 2278 224 2308 bis
241 2279 280 2307 ad
297 2273 341 2306 Zb
359 2290 364 2307 ε
387 2288 469 2315 quae
491 2277 587 2306 etiam
600 2281 676 2306 ante
691 2277 740 2305 bis
755 2277 794 2305 ad
810 2275 883 2305 Vt'ct.
901 2287 907 2304 ι
929 2285 1012 2313 quae
1027 2275 1122 2304 ctiam
1139 2275 1179 2303 ad
1196 2283 1284 2302 meos
1301 2273 1332 2302 id
1349 2276 1398 2301 est
1415 2272 1454 2301 ad

176 2320 314 2349 Miiller:
344 2321 440 2358 (quae
465 2320 562 2348 etiam
584 2320 623 2348 ad
646 2329 697 2347 me
718 2319 779 2348 vis&
804 2319 843 2348 ad
867 2316 1055 2347 Lehmann:
1082 2317 1163 2355 sort.
1187 2317 1226 2346 ad
1251 2325 1301 2345 me
1324 2315 1373 2344 bis
1391 2317 1457 2343 erat

175 2367 249 2392 nota
265 2362 380 2392 scribae
395 2361 435 2392 ad
452 2371 502 2391 me
519 2361 565 2391 bis
579 2361 733 2390 insertum
741 2361 846 2398 fuisse
861 2359 1027 2390 indicantis
