1590 2730
59 148 128 183 XI.
151 147 210 182 vii
520 148 572 184 M.
606 148 769 183 TVLLI
803 145 1099 183 CICERONIS

166 254 268 304 prius
298 254 402 292 illum
433 254 593 291 viderint
621 268 680 291 me
709 255 812 302 apud
841 267 928 291 eum
957 253 1073 290 velint
1100 253 1273 290 adiutum
1302 259 1449 289 tantum

167 325 353 366 quantum
374 330 444 366 ego
465 316 548 354 illos
570 318 705 353 vellem
727 316 756 353 si
778 316 870 364 quid
890 329 1041 364 possem
1062 319 1067 352 !

123 384 146 420 8
221 381 337 428 Quod
367 393 475 428 rogas
502 387 541 416 ut
566 379 603 415 in
626 379 768 416 bonam
796 386 940 427 partem
968 377 1152 426 accipiam
1174 377 1204 415 si
1224 392 1299 427 qua
1319 378 1392 415 sint
1412 378 1450 414 in

130 477 133 480 .
159 433 241 480 'tuis
261 443 391 481 litteris
413 456 509 491 quae
537 456 596 479 me
624 443 833 486 mordeant,
857 455 926 489 ego
946 454 1035 478 vero
1061 440 1099 477 in
1126 440 1310 489 optimam
1337 448 1450 489 teque

167 519 258 554 rogo
278 513 319 542 ut
338 514 476 554 aperte,
500 519 613 554 quem
634 506 683 542 ad
704 506 862 542 modum
887 503 992 550 facis,
1012 503 1152 541 scribas
1172 505 1220 541 ad
1242 517 1302 541 me
1323 503 1452 541 onmia
1474 514 1485 519 ·

167 568 284 617 idque
304 569 417 606 facias
438 582 552 617 quam
574 567 803 616 saepissime.
862 568 967 604 Vale.
1025 578 1116 603 X1111
1141 568 1187 603 K.
1213 568 1292 604 Ian.

208 726 322 760 VIII
463 728 530 759 Ser.
552 727 710 758 Brundisi
722 728 781 757 xiii
793 727 834 757 K.
855 727 925 757 Ian.
946 737 974 758 a.
997 728 1055 765 706
1073 727 1157 766 (48).

568 813 737 843 CICERO
762 813 930 842 ATTICO
956 812 1049 842 SAL.

133 910 149 936 1
222 895 386 942 Quantis
424 894 521 932 curis
555 893 734 930 conficiar
772 893 840 930 etsi
874 894 1045 941 profecto
1076 892 1191 937 vides,
1228 900 1355 930 tamen
1393 906 1452 930 co-

168 971 328 1007 gnosces
362 971 406 995 ex
440 959 561 1005 Lepta
594 964 630 994 et
663 956 855 993 Trebatio.
926 955 1113 992 Maximas
1147 969 1290 1004 poenas
1323 957 1451 1004 pendo

168 1020 387 1058 temeritatis
418 1034 524 1057 meae
553 1033 668 1068 quam
695 1026 734 1056 tu
760 1018 999 1067 prudentiam
1026 1017 1118 1055 mibi
1145 1018 1262 1056 videri
1282 1019 1363 1065 vis3
1392 1032 1453 1056 ne-

168 1097 242 1133 que
269 1091 305 1121 te
332 1085 503 1121 deterreo
534 1096 611 1132 quo
644 1082 768 1119 minus
800 1082 838 1119 id
869 1081 1039 1130 disputes
1070 1081 1287 1130 scribasque
1316 1083 1365 1119 ad
1393 1095 1453 1118 me

168 1162 282 1197 quam
308 1148 537 1197 saepissime.
596 1149 686 1184 Non
717 1146 810 1183 nihil
837 1147 939 1184 enim
967 1160 1027 1183 me
1054 1148 1180 1183 levant
1200 1153 1287 1182 tuae
1309 1145 1452 1182 litterae

169 1213 242 1249 hoc
272 1219 453 1260 tempore.
512 1213 583 1248 Per
609 1224 674 1248 eos
702 1210 766 1258 qui
797 1217 923 1247 nostra
952 1223 1065 1246 causa
1091 1210 1223 1245 volunt
1249 1210 1452 1256 valentque

168 1276 270 1323 apud
299 1274 404 1311 illum
434 1273 720 1322 diligentissime
750 1274 961 1310 contendas
988 1286 1083 1321 opus
1108 1279 1173 1317 est,
1196 1285 1262 1320 per
1289 1272 1452 1309 Balbum
1494 1287 1508 1317 J

169 1344 206 1374 et
226 1337 394 1385 Oppium
426 1336 597 1381 maxime,
620 1343 659 1372 ut
680 1336 728 1372 de
749 1349 809 1372 me
829 1334 994 1372 scribant
1014 1348 1129 1383 quam
1149 1334 1446 1382 diligentissime.

170 1402 446 1449 Oppugnamur
475 1399 587 1444 enim,
610 1406 650 1436 ut
673 1399 798 1444 audio,
821 1406 857 1436 et
882 1411 904 1434 a
930 1398 1191 1447 praesentibus
1220 1397 1451 1446 quibusdam

170 1471 206 1500 et
232 1477 297 1511 per
323 1463 473 1500 litteras.
532 1462 583 1499 Iis
613 1462 663 1498 ita
693 1470 748 1499 est
780 1463 1056 1499 occurrendum
1084 1469 1124 1498 ut
1150 1461 1202 1498 rei
1230 1461 1453 1510 magnitudo

127 1527 345 1574 2postulat.
413 1526 542 1562 Fufius
580 1532 635 1561 est
673 1524 757 1569 illic,
799 1524 890 1560 mihi
929 1524 1221 1561 inimicissimus.
1285 1524 1452 1571 Quintus

172 1588 271 1625 misit
292 1589 411 1625 filium
440 1601 517 1625 non
545 1589 667 1624 solum
688 1587 744 1623 sui
769 1588 1054 1635 deprecatorem
1082 1589 1149 1624 sed
1170 1587 1282 1624 etiam
1303 1599 1453 1624 accusa-

171 1659 289 1689 torem
322 1651 406 1688 mei.
466 1650 623 1688 Dictitat
654 1664 693 1688 se
723 1664 745 1687 a
776 1664 836 1687 me
866 1652 969 1699 apud
999 1652 1200 1689 Caesarem
1231 1649 1451 1699 oppugnari,

171 1716 276 1763 quod
314 1714 446 1751 refellit
478 1715 618 1752 Caesar
648 1714 728 1762 ipse
766 1727 977 1762 omnesque
1010 1713 1090 1750 eius
1120 1713 1242 1750 amici.
1317 1714 1455 1761 Neque

170 1791 258 1815 vero
288 1777 444 1822 desistit,
472 1777 706 1825 ubicumque
734 1784 800 1822 est,
824 1776 952 1814 omnia
981 1776 1019 1813 in
1049 1790 1109 1813 me
1139 1776 1340 1813 maledicta
1369 1788 1455 1812 con-

172 1842 274 1878 ferre.
334 1840 438 1878 Nihil
459 1840 551 1877 mihi
572 1853 754 1888 umquam
781 1847 858 1876 tam
885 1839 1106 1877 incredibile
1125 1839 1273 1885 accidit,
1297 1839 1390 1875 nihil
1417 1837 1454 1874 in

172 1903 229 1940 his
264 1903 370 1940 malis
404 1910 480 1940 tam
511 1904 702 1941 acerbum.
761 1902 838 1950 Qui
869 1916 913 1939 ex
947 1902 1029 1950 ipso
1059 1902 1254 1940 audissent
1285 1915 1372 1939 cum
1404 1900 1456 1938 Si-
1476 1912 1503 1941 2.

172 1980 292 2015 cyone
313 1969 437 2016 palam
459 1966 585 2003 multis
606 1966 849 2004 audientibus
866 1967 1082 2014 loqueretur
1098 1965 1238 2003 nefaria
1254 1966 1453 2014 quaedam,

172 2031 221 2067 ad
242 2043 302 2066 me
322 2031 565 2077 pertulerunt.
616 2029 727 2066 Nosti
747 2042 877 2077 genus,
899 2029 1013 2065 etiam
1033 2036 1207 2077 expertus
1228 2041 1267 2066 es
1287 2029 1453 2065 fortasse.

175 2095 221 2129 In
242 2105 302 2129 me
322 2092 361 2129 id
382 2099 437 2129 est
457 2106 572 2129 omne
592 2104 827 2129 conversum.
886 2092 961 2128 Sed
977 2105 1097 2140 augeo
1118 2091 1457 2128 commemorando

175 2157 346 2193 dolorem
367 2163 403 2192 et
424 2155 521 2192 facio
542 2155 655 2192 etiam
677 2154 754 2192 tibi.
814 2156 901 2202 Qua
924 2167 962 2191 re
985 2155 1033 2191 ad
1054 2154 1147 2191 illud
1174 2155 1297 2192 redeo.
1357 2155 1458 2192 Cura

221 2266 233 2285 1
259 2255 399 2285 viderint
413 2254 574 2284 Corradus
589 2266 594 2284 :
617 2255 770 2284 viderunt
787 2252 845 2282 M:
870 2254 968 2283 vider.
984 2264 1034 2283 me
1051 2253 1106 2283 W:
1132 2254 1290 2283 videbunt
1305 2253 1458 2282 Graevius

175 2301 195 2328 6
218 2308 279 2327 xm
301 2297 345 2326 W
466 2307 486 2334 9
510 2297 664 2326 conficiar
689 2296 776 2326 CW:
809 2297 931 2325 afficiar
953 2299 1004 2325 ΣΔ
1137 2297 1173 2325 18
1196 2306 1256 2334 per
1271 2307 1333 2326 0111.
1357 2295 1454 2325 WM¹

177 2345 226 2369 est
249 2339 404 2368 11⁷Crat.:
429 2349 491 2368 0111.
512 2342 563 2368 ΣΔ
678 2349 714 2376 19
740 2337 848 2367 Fufius
865 2337 980 2368 Mam:
1006 2338 1148 2367 Furnius
1169 2338 1212 2367 W
1223 2337 1306 2368 codd.
1416 2338 1457 2366 28

177 2384 217 2412 In
233 2393 250 2411 s
265 2392 271 2411 :
298 2382 329 2411 id
345 2381 431 2411 ceteri
444 2380 527 2410 codd.
