1590 2730
91 161 138 197 X.
155 159 230 196 viii
543 161 598 197 M.
628 161 792 197 TVLLI
821 160 1117 198 CICERONIS

188 282 276 306 cum
306 268 500 306 coniuncti
533 282 582 306 ne
614 281 701 306 cum
740 268 907 316 praemio
940 268 1097 317 quidem
1125 267 1315 306 voluimus
1351 271 1470 307 esse?

145 339 171 376 4
191 331 341 369 Deinde
361 333 433 368 hoc
453 331 549 377 vide,
572 344 649 368 non
674 343 755 368 esse
781 330 964 368 iudicium
990 332 1038 369 de
1061 338 1141 368 tota
1166 330 1411 369 contentione
1430 331 1478 369 in‘

188 395 396 443 Hispaniis,
419 394 489 431 nisi
510 396 603 431 forte
623 393 667 431 iis
686 393 833 431 amissis
859 407 962 431 arma
982 394 1207 443 Pompeium
1233 394 1469 432 abiecturum

186 466 305 507 putaS,
324 457 430 495 cuius
451 471 564 495 omne
584 457 784 494 consilium
801 457 1127 494 Themistocleum
1147 465 1213 495 est.
1271 457 1470 494 Existimat

186 520 287 558 enim
309 520 373 569 qui
394 534 494 557 mare
514 528 640 557 teneat
660 534 747 557 eum
769 533 923 557 necesse
938 533 1008 557 esse
1026 534 1150 557 rerum
1169 520 1291 570 potiri.
1335 522 1470 569 Itaque

186 597 395 632 numquam
429 583 467 621 id
497 583 570 631 egit
601 591 641 620 ut
671 583 881 632 Hispaniae
910 597 976 632 per
1004 596 1043 621 se
1072 591 1297 630 tenerentur,
1328 584 1470 621 navalis

185 654 385 696 apparatus
429 647 462 684 ei
506 660 655 695 semper
697 646 959 695 antiquissima
996 660 1084 684 cura
1121 647 1199 684 fuit.
1268 647 1477 695 Navigabit

186 709 305 758 igitur,
339 723 426 747 cum
458 709 526 747 erit
559 717 719 758 tempus,
753 710 926 747 maximis
958 710 1141 747 classibus
1172 717 1208 747 et
1240 711 1289 747 ad
1321 710 1470 747 Italiam

185 775 352 810 accedet.
411 775 457 810 In
484 787 559 822 qua
587 786 656 810 nos
682 775 858 811 sedentes
879 773 971 822 quid
1000 773 1170 810 erimus?
1206 786 1293 810 nam
1324 773 1470 811 medios

186 849 267 874 esse
288 836 361 873 iam
382 850 460 874 non
481 836 618 874 licebit.
661 836 855 875 Classibus
871 836 1155 874 adversabimur
1174 836 1312 884 igitur?
1354 837 1471 883 Quod

187 899 307 936 maius
331 901 452 937 scelus
476 907 540 936 aut
566 906 713 936 tantum
734 899 930 948 denique?
972 899 1064 947 quid
1085 899 1260 948 turpius?
1298 899 1472 937 *tanuival

188 962 324 1000 dehicl·
341 962 378 998 in
395 961 562 999 absentis
583 963 684 999 solus
705 961 772 998 tuli
793 964 924 1007 scelus,
942 962 1112 999 eiusdem
1129 975 1216 999 cum
1232 961 1416 1011 Pompeio
1435 969 1473 999 et

147 1032 171 1070 5
189 1039 274 1063 cum
303 1025 453 1073 reliquis
480 1025 713 1074 principibus
743 1039 820 1063 non
849 1027 997 1062 feram?
1052 1026 1168 1072 Quod
1197 1025 1226 1061 si
1253 1025 1327 1062 iam
1357 1024 1472 1062 misso

1492 852 1530 873 10

188 1088 313 1125 officio
342 1088 496 1137 periculi
525 1088 618 1125 ratio
647 1089 824 1125 habenda
853 1096 917 1135 est,
943 1089 992 1125 ab
1021 1088 1091 1125 illis
1120 1096 1175 1125 est
1204 1088 1412 1137 periculum
1442 1088 1472 1125 si
1512 1116 1521 1122 .

187 1165 356 1200 peccaro,
378 1152 426 1188 ab
447 1153 521 1189 hoc
545 1151 574 1188 si
598 1159 697 1189 recte
717 1153 852 1197 fecero,
875 1164 945 1188 nec
972 1153 1089 1188 ullum
1117 1151 1154 1187 in
1181 1151 1238 1187 his
1259 1151 1366 1188 malis
1386 1165 1472 1189 con-

187 1214 311 1251 silium
338 1214 505 1263 periculo
524 1227 687 1251 vacuum
716 1213 873 1251 inveniri
903 1221 1038 1262 potest,
1060 1221 1101 1250 ut
1130 1227 1207 1251 non
1236 1214 1283 1251 sit
1311 1215 1471 1252 dubium

187 1277 278 1326 quin
300 1277 455 1326 turpiter
474 1278 595 1314 facere
615 1290 702 1314 cum
723 1276 890 1325 periculo
914 1276 1110 1325 fugiamus,
1134 1278 1238 1325 quod
1259 1279 1473 1326 fugeremus

187 1339 300 1377 etiam
321 1353 409 1377 cum
429 1341 558 1377 salute.
616 1341 729 1378 †Non
759 1339 870 1376 simul
896 1353 983 1376 cum
1006 1340 1191 1388 Pompeio
1218 1354 1319 1378 mare
1345 1341 1473 1379 transi-

187 1402 334 1440 erimus.
377 1402 547 1441 Omnino
568 1403 882 1451 nonpotuimus†.
934 1404 1064 1439 Exstat
1085 1403 1178 1440 ratio
1198 1403 1355 1441 dierum.
1396 1406 1472 1443 Sed

188 1474 314 1503 tamen
346 1466 546 1515 (fateamur
573 1466 675 1503 enim
704 1467 809 1514 quod
838 1466 909 1515 est)
938 1479 986 1503 ne
1015 1467 1216 1504 condimus
1246 1467 1401 1516 quidem
1431 1475 1473 1505 ut

188 1529 385 1577 possimus.
446 1529 592 1566 Fefellit
611 1542 655 1566 ea
679 1542 738 1566 me
762 1542 818 1565 res
843 1542 939 1577 quae
966 1531 1121 1566 fortasse
1141 1544 1218 1567 non
1239 1531 1382 1577 debuit,
1404 1532 1472 1569 sed

188 1592 327 1629 fefellit.
387 1594 524 1629 Pacem
557 1592 684 1640 putavi
718 1593 806 1628 fore.
866 1594 974 1640 Quae
1006 1593 1035 1630 si
1069 1601 1177 1640 esset,
1213 1594 1348 1631 iratum
1380 1594 1473 1631 mihi

189 1657 391 1694 Caesarem
429 1668 522 1700 esse,
559 1669 646 1692 cum
676 1657 778 1693 idem
816 1655 960 1693 amicus
998 1664 1096 1694 esset
1127 1657 1321 1706 Pompeio,
1356 1658 1470 1695 nolui.

190 1720 385 1756 Senseram
420 1718 521 1755 enim
551 1730 664 1766 quam
699 1717 799 1755 idem
833 1727 968 1757 essent.
1028 1723 1117 1758 Hoc
1146 1735 1277 1758 verens
1306 1720 1344 1757 in
1373 1721 1472 1758 hanc

234 1829 246 1848 1
273 1819 436 1848 coniuncti
455 1829 495 1849 ne
512 1819 712 1859 blervagitts:
737 1823 967 1854 coniunctione
985 1810 1078 1853 codd..
1181 1824 1341 1855 voluimus
1358 1824 1448 1855 Man.
1463 1836 1472 1856 τ

189 1863 335 1891 volumus
353 1861 392 1889 M
517 1870 535 1899 5
560 1873 631 1892 esse
648 1864 852 1896 add.LmJ1h.
986 1877 1001 1904 7
1027 1877 1102 1896 cui-a
1125 1866 1278 1896 RPM2s:
1303 1878 1365 1897 0111.
1388 1868 1469 1898 OM1

188 1914 208 1942 9
233 1904 355 1932 medios·
372 1905 407 1941 rs
426 1904 669 1935 R‹·1'dadBalh.
688 1918 728 1944 29
871 1918 908 1938 10
933 1909 1099 1939 Classibus
1114 1910 1180 1939 scel.
1201 1910 1291 1940 Μαιι.
1434 1920 1467 1940 11

189 1946 292 1974 maius
308 1956 323 1974 s
340 1945 523 1985 illalaspina
538 1957 544 1976 z
568 1949 670 1977 malus
688 1950 820 1979 MZOR
916 1951 1022 1980 scelus
1040 1956 1094 1980 aut
1112 1951 1315 1990 Alalaspz'na:
1348 1953 1471 1983 scilicet

189 1987 272 2017 codd.
414 1998 425 2016 Ι
438 1998 460 2027 1,
481 1999 516 2018 12
540 1990 671 2020 anuival
689 1992 783 2022 dehic
802 1993 832 2022 in
850 1992 898 2021 Μ’
916 2005 921 2022 :
947 2004 988 2022 an
1005 1994 1059 2031 qui
1078 1994 1173 2023 valde
1190 1995 1264 2024 hinc
1281 1994 1392 2023 codices
1407 2006 1470 2025 non

189 2030 271 2058 nulli
284 2030 502 2069 Malaspinae:
529 2042 571 2061 an
594 2034 734 2064 invalide
759 2035 810 2064 hic
832 2036 861 2064 in
882 2035 965 2064 OM²
983 2037 1114 2075 (mmgj‘
1131 2047 1136 2064 ι
1165 2037 1284 2065 animal
1302 2037 1419 2067 dehinc
1437 2037 1469 2067 in

189 2072 300 2109 (dehic
316 2072 361 2107 R)
379 2074 463 2103 RF:
496 2085 536 2104 an
566 2076 655 2105 cuius
676 2077 780 2106 adhuc
805 2078 837 2106 in
861 2077 1013 2115 Madmgr:
1045 2089 1085 2107 an
1111 2079 1190 2107 iram
1215 2079 1311 2108 huius
1333 2079 1362 2108 in
1387 2079 1469 2117 Hof-

188 2125 305 2143 mmm:
330 2115 385 2143 alsi
398 2116 461 2145 alia
552 2128 586 2156 17
604 2120 745 2156 turpiter
757 2119 864 2148 facere
881 2131 944 2149 0711.
960 2119 1046 2149 Rom
1067 2132 1072 2149 :
1100 2121 1207 2150 facere
1220 2131 1281 2151 om.
1296 2121 1405 2151 codices
1416 2122 1474 2151 Pii

191 2157 226 2184 18
250 2157 360 2196 simul]
382 2159 406 2187 si
428 2159 521 2188 simul
545 2160 662 2198 Tvm‘ell
783 2162 968 2191 transiimus
991 2162 1180 2201 Nipperdey:
1214 2163 1468 2194 transieramus?

193 2198 308 2236 Yju'rell
428 2212 463 2239 ¹9
488 2212 550 2231 non
576 2202 647 2232 add.
670 2202 759 2233 Man.
782 2207 853 2232 ante
876 2205 1059 2242 potuimus:
1093 2204 1166 2234 add.
1195 2204 1225 2233 P
1244 2209 1316 2234 ante
1337 2207 1469 2235 omnino

187 2250 228 2270 20
252 2244 422 2273 condimus
441 2243 585 2273 CORMs
601 2244 655 2283 (ab
673 2245 845 2283 ‘c011d1)¹e’)
861 2257 866 2274 :
900 2246 1129 2275 contendimus
1148 2245 1320 2285 Nipperdqy
1428 2257 1466 2277 21

188 2293 358 2321 possemus
374 2285 548 2325 Nipperdey
647 2297 685 2316 ea
709 2297 759 2316 me
783 2287 920 2317 Rosius:
953 2298 1023 2317 cam
1050 2283 1215 2318 ZI'O¹M¹:
1249 2299 1288 2318 ea
1315 2288 1468 2318 RPM2‘s:

187 2327 273 2356 enim
293 2328 334 2357 0²

1492 1166 1528 1199 15

1491 1483 1530 1504 20
