1590 2730
75 133 166 169 XII.
185 135 352 170 xxxviii
546 137 599 173 M.
630 137 793 174 TVLLI
823 138 1118 177 CICERONIS

191 252 268 277 non
299 241 532 290 exspectarit,
564 255 651 278 cum
679 243 729 279 ob
755 256 839 280 eam
868 257 983 281 unam
1015 258 1168 283 causam
1198 246 1335 284 missus
1367 254 1476 285 esset.

193 304 307 340 Nunc
336 303 502 352 quidem,
526 303 596 341 nisi
626 305 719 352 quid
746 312 782 342 te
809 307 939 352 tenuit,
963 307 1133 356 suspicor
1155 315 1191 345 te
1220 321 1302 346 esse
1330 309 1368 346 in
1395 311 1479 347 sub—

194 367 350 404 urbano.
419 369 470 403 At
503 380 573 415 ego
603 367 664 404 hic
697 367 901 407 scribendo
929 369 1010 406 dies
1041 377 1141 407 totos
1171 370 1264 408 nihil
1299 371 1477 420 equidem

194 430 297 466 levor
317 430 383 466 sed
404 436 531 466 tamen
551 430 694 467 aberro.

152 499 175 525 2
246 491 401 529 Asinius
431 492 553 530 Pollio
578 495 627 531 ad
653 507 712 531 me
738 494 885 543 scripsit
905 497 953 533 de
974 495 1124 544 impuro
1146 505 1276 535 nostro
1303 505 1477 546 cognato.
1498 510 1515 540 5

194 556 311 602 Quod
342 556 484 593 Balbus
513 556 636 594 minor
665 570 784 605 nuper
813 557 900 595 satis
929 560 1051 606 plane,
1076 560 1278 597 Dolabella
1305 561 1477 608 obscure,

191 617 253 654 hic
299 618 543 667 apertissime.
613 622 763 657 Ferrem
801 621 961 669 graviter
998 622 1027 658 si
1065 636 1187 660 novae
1224 623 1480 672 aegrimoniae

191 682 297 718 locus
335 689 443 719 esset.
502 684 576 720 Sed
610 690 737 720 tamen
771 683 910 732 ecquid
944 684 1159 733 impurius?
1214 686 1248 723 O
1282 685 1478 724 hominem

193 745 429 781 cavendum!
514 746 757 793 Quamquam
816 746 907 782 mihi
964 747 1242 795 quidem—sed
1289 750 1478 787 tenendus

190 807 300 844 dolor
328 814 393 844 est.
451 809 522 853 Tu,
548 808 730 856 quoniam
764 822 920 846 necesse
949 809 1041 846 nihil
1071 818 1137 856 est,
1167 810 1219 848 sic
1248 811 1388 849 scribes
1416 812 1479 849 ali·
1499 826 1536 848 10

190 869 283 917 quid
314 869 343 906 si
374 870 536 908 vacabis.

231 1009 471 1043 XXXVIII
489 1021 512 1043 a
557 1012 624 1043 Scr.
642 1013 784 1043 Asturae
799 1013 883 1044 Non.
903 1013 982 1045 Mai.
1003 1025 1032 1046 a.
1051 1025 1108 1054 709
1126 1016 1208 1055 (45).

579 1099 745 1129 CICERO
775 1099 951 1129 ATTICO
982 1100 1084 1130 SAL.

74 1196 90 1222 1
115 1186 164 1227 (3)
242 1185 359 1232 Quod
386 1192 495 1234 putas
517 1192 690 1233 oportere
710 1185 896 1234 pervideri
923 1185 997 1222 iam
1024 1185 1140 1223 animi
1165 1186 1238 1224 mei
1260 1187 1474 1226 firmitatem

186 1247 412 1296 graviusque
432 1249 620 1297 quosdam
642 1248 772 1285 scribis
799 1250 847 1285 de
875 1262 935 1286 me
961 1248 1065 1297 loqui
1092 1262 1206 1297 quam
1233 1258 1297 1287 aut
1326 1258 1362 1288 te
1391 1251 1473 1289 scri·
1496 1268 1532 1298 ¹5

187 1311 275 1348 bere
303 1318 368 1348 aut
399 1313 572 1353 Brutum,
598 1311 627 1348 si
652 1311 716 1359 qui
746 1324 807 1348 me
833 1312 992 1348 fractum
1019 1324 1101 1349 esse
1130 1311 1260 1349 animo
1284 1320 1321 1350 et
1344 1313 1475 1350 debili-

186 1380 306 1411 tatum
320 1381 455 1422 putant
467 1374 587 1411 sciant
601 1374 694 1422 quid
710 1374 915 1411 litterarum
931 1381 966 1412 et
980 1374 1086 1412 cuius
1099 1375 1245 1423 generis
1259 1376 1472 1423 conficiam,

186 1439 311 1483 credo,
335 1437 365 1474 si
386 1439 503 1475 modo
524 1436 700 1474 homines
721 1437 805 1482 sint,
830 1437 1045 1474 existiment
1067 1451 1138 1484 me,
1161 1437 1238 1475 sive
1259 1438 1310 1475 ita
1329 1441 1474 1478 levatus

185 1500 256 1537 sim
277 1508 317 1537 ut
336 1501 507 1538 animum
528 1514 692 1538 vacuum
712 1502 761 1538 ad
782 1514 839 1538 res
860 1500 1022 1538 difficilis
1043 1501 1264 1538 scribendas
1289 1503 1470 1550 adferam,

186 1564 545 1612 reprehendendum
566 1576 643 1600 non
665 1576 756 1608 esse,
780 1563 858 1600 sive
881 1564 980 1600 hanc
1000 1563 1279 1601 aberrationem
1299 1577 1321 1600 a
1341 1565 1473 1603 dolore
1494 1578 1532 1599 20

186 1626 389 1675 delegerim
437 1639 535 1675 quae
578 1626 739 1663 maxime
783 1626 945 1663 liberalis
993 1626 1039 1663 sit
1085 1627 1279 1675 doctoque
1317 1627 1473 1666 homine

67 1698 91 1725 2
112 1689 161 1728 (4)
185 1689 416 1738 dignissima,
449 1689 592 1727 laudari
622 1703 683 1726 me
713 1689 826 1726 etiam
858 1697 1042 1738 oportere.
1101 1691 1176 1727 Sed
1207 1702 1294 1726 cum
1325 1703 1395 1739 ego
1423 1693 1473 1729 fa-

184 1753 281 1789 ciam
316 1753 445 1790 onmia
478 1766 575 1801 quae
606 1754 728 1790 facere
766 1753 909 1801 possim
947 1754 997 1789 ad
1035 1765 1096 1790 me
1121 1753 1395 1808 adlevandum,
1431 1761 1470 1791 tu

183 1817 289 1854 effice
308 1816 347 1853 id
368 1817 472 1864 quod
493 1815 605 1853 video
625 1823 662 1853 te
682 1829 760 1853 non
782 1816 907 1853 minus
928 1828 1043 1864 quam
1064 1828 1125 1853 me
1145 1816 1324 1853 laborare.
1381 1818 1471 1855 Hoc

183 1879 275 1915 mihi
308 1880 448 1917 debere
485 1879 617 1916 videor
654 1892 779 1927 neque
816 1878 930 1916 levari
964 1891 1075 1927 posse
1112 1877 1184 1914 nisi
1222 1880 1369 1916 solvero
1405 1887 1470 1917 aut
1489 1891 1526 1922 25

182 1941 312 1979 videro
333 1955 393 1979 me
413 1955 524 1990 posse
545 1944 700 1987 solvere,
722 1942 761 1979 id
782 1949 838 1979 est
858 1943 985 1979 locum
1007 1942 1158 1990 qualem
1178 1943 1258 1979 volo
1276 1941 1466 1980 invenero.

184 2006 358 2042 Heredes
388 2006 572 2053 Scapulae
602 2004 632 2041 si
662 2006 753 2042 istos
782 2006 922 2050 hortos,
946 2011 986 2041 ut
1015 2003 1146 2041 scribis
1175 2003 1243 2041 tibi
1273 2005 1468 2042 Othonem

183 2066 333 2111 dixisse,
364 2067 533 2116 partibus
572 2074 751 2115 quattuor
788 2066 895 2104 factis
933 2065 1034 2103 liceri
1073 2065 1249 2115 cogitant,
1281 2066 1374 2103 nihil
1412 2074 1468 2104 est

228 2177 264 2196 12
287 2168 455 2206 cpistulam
481 2178 600 2197 novam
625 2168 731 2206 incipit
753 2167 880 2197 Schiche
988 2168 1024 2195 18
1047 2171 1122 2196 sunt
1144 2165 1324 2206 Hbscnbcrg
1428 2176 1464 2197 21

183 2220 266 2247 quae
284 2210 423 2239 maxime
447 2210 588 2239 liberalis
612 2211 652 2239 sit
672 2210 807 2239 Vrsinus
822 2220 828 2238 ε
851 2219 935 2247 quae
960 2208 1098 2238 maxime
1116 2208 1341 2238 liberalissima
1356 2208 1441 2239 codd.
1459 2219 1467 2239 τ

183 2252 330 2289 maxime,
350 2262 434 2290 quae
452 2252 681 2282 liberalissima
698 2251 725 2280 L
744 2254 878 2290 (marg.)
894 2262 900 2281 z
927 2261 1011 2288 quae
1036 2251 1173 2280 maxima
1193 2255 1225 2280 ct
1243 2250 1466 2281 liberalissima

182 2293 266 2322 Reid
347 2304 387 2331 23
412 2304 544 2333 possum
562 2293 744 2333 IVescnberg
829 2295 869 2322 26
888 2292 959 2322 volo
976 2292 1050 2323 add.
1068 2292 1106 2322 I:
1129 2293 1225 2322 velim
1241 2292 1314 2323 add.
1328 2292 1466 2323 Mamer:

182 2345 247 2366 om.
264 2335 304 2364 M
