1590 2730
85 141 176 177 XII.
196 139 316 175 xxxii
550 140 603 175 M.
635 140 798 176 TVLLI
829 139 1125 177 CICERONIS

199 247 291 284 nihil
312 260 407 296 opus
427 254 492 284 est.
541 246 691 295 Quibus
711 254 838 284 autem
859 246 897 284 in
917 247 976 284 via
995 254 1121 285 utatur
1139 247 1246 286 domi
1266 255 1354 286 sunt
1372 248 1480 298 plura

199 324 313 359 quam
334 323 429 359 opus
449 318 536 356 erat,
559 311 663 358 quod
684 310 797 347 etiam
817 317 857 347 tu
877 310 1156 348 animadvertis.

239 454 434 488 XXXIII
500 457 568 490 Scr.
587 457 729 487 Asturae
745 458 788 487 vii
800 457 842 488 Κ.
862 457 943 497 Apr.
962 468 990 489 a.
1012 467 1068 498 709
1087 457 1167 499 (45).

586 542 753 573 CICERO
783 543 959 573 ATTICO
989 543 1093 575 SAL.

163 641 180 668 1
252 631 344 678 Ego,
367 637 408 667 ut
435 628 514 666 heri
540 630 588 666 ad
615 636 650 666 te
676 628 819 677 scripsi,
843 629 873 666 si
900 637 936 667 et
960 630 1071 668 Silius
1100 630 1130 668 is
1159 630 1269 669 fuerit
1298 644 1413 680 quem
1440 638 1482 669 tu
1502 641 1519 673 5

199 700 308 742 putas
329 706 398 730 nec
421 694 567 729 Drusus
587 692 734 729 facilem
756 705 796 729 se
822 693 1045 741 praebuerit,
1071 694 1348 743 Damasippum
1368 694 1482 731 velim

197 756 426 804 adgrediare.
486 757 533 800 Is,
563 755 707 803 opinor,
737 755 788 791 ita
814 755 928 802 partis
952 755 1039 792 fecit
1066 756 1104 792 in
1130 756 1209 804 ripa
1232 757 1363 794 nescio
1391 770 1483 806 quo-

200 826 374 856 tenorum
404 818 573 866 iugerum
603 825 643 854 ut
673 825 773 854 certa
800 817 919 865 pretia
952 818 1221 865 constitueret3
1261 832 1359 867 quae
1389 819 1482 856 mihi

201 890 292 919 nota
312 894 390 918 non
411 888 509 918 sunt.
568 881 717 918 Scribes
737 882 786 917 ad
808 893 868 917 me
889 880 999 928 igitur
1015 881 1198 929 quicquid
1218 882 1346 929 egeris.

156 954 180 982 2
251 946 508 982 Vehementer
546 957 607 980 me
645 943 819 980 sollicitat
852 943 1002 980 Atticae
1040 951 1189 980 nostrae
1226 946 1404 982 valetudo
1440 953 1482 983 ut
1502 960 1542 983 10

200 1021 327 1046 verear
346 1008 459 1045 etiam
480 1020 528 1045 ne
548 1021 645 1056 quae
672 1009 784 1055 culpa
807 1007 863 1044 sit.
921 1008 996 1044 Sed
1023 1014 1060 1044 et
1085 1008 1294 1056 paedagogi
1314 1008 1482 1057 probitas

199 1079 235 1109 et
265 1071 402 1109 medici
430 1070 640 1108 adsiduitas
660 1077 696 1107 et
717 1077 795 1107 tota
815 1072 952 1108 domus
972 1070 1010 1106 in
1031 1070 1135 1107 omni
1158 1083 1294 1118 genere
1322 1071 1483 1120 diligens

199 1148 260 1172 me
280 1147 405 1171 rursus
425 1134 465 1172 id
492 1133 671 1183 suspicari
691 1141 801 1171 vetat.
861 1134 961 1172 Cura
980 1133 1091 1182 igitur
1107 1147 1117 1180 3
1143 1135 1251 1183 plura
1275 1133 1377 1171 enim
1403 1148 1482 1172 non

198 1211 364 1248 possum.

238 1301 429 1337 XXXIV
515 1302 582 1335 Scr.
599 1303 739 1333 Asturae
754 1303 789 1332 iii
800 1303 841 1333 K.
860 1303 892 1332 A
893 1308 943 1343 pr.
964 1313 992 1334 a.
1014 1312 1070 1342 709
1089 1303 1167 1342 (45).
1501 1311 1538 1344 15

588 1371 753 1402 CICERO
783 1370 959 1401 ATTICO
987 1370 1088 1402 SAL.

164 1462 181 1488 1
252 1452 335 1498 Ego
354 1448 415 1486 hic
434 1449 493 1486 vel
517 1447 598 1485 sine
621 1447 729 1487 Sicca
749 1446 897 1495 (Tironi
923 1446 1023 1484 enim
1052 1446 1186 1484 melius
1212 1447 1284 1496 est)
1305 1447 1482 1485 facillime

199 1526 350 1563 possem
380 1526 462 1550 esse
488 1520 529 1549 ut
552 1511 590 1548 in
615 1511 722 1548 malis
752 1512 829 1556 sed,
848 1523 965 1559 quom
990 1511 1131 1548 scribas
1151 1511 1359 1548 videndum
1389 1510 1482 1547 mihi

198 1589 279 1614 esse
309 1590 356 1614 ne
385 1575 585 1625 opprimar,
611 1589 656 1612 ex
682 1587 759 1623 quo
783 1574 997 1622 intellegam
1028 1582 1064 1611 te
1089 1581 1233 1611 certum
1260 1574 1362 1612 diem
1383 1574 1481 1612 illius

197 1640 441 1689 profectionis
470 1652 547 1676 non
577 1639 726 1683 habere,
758 1637 886 1686 putavi
915 1650 996 1674 esse
1025 1637 1266 1674 commodius
1296 1651 1355 1675 me
1385 1637 1481 1675 istuc
1501 1652 1543 1674 20

198 1703 324 1740 venire
340 1718 347 1747 3
377 1704 480 1751 quod
501 1702 603 1739 idem
619 1701 731 1738 video
752 1701 819 1738 tibi
839 1702 997 1749 placere.
1056 1702 1149 1738 Cras
1162 1700 1272 1749 igitur
1291 1700 1329 1737 in
1351 1700 1482 1738 Siccae

199 1765 427 1802 suburbano.
487 1765 594 1809 Inde,
627 1777 740 1812 quern
772 1765 821 1800 ad
855 1764 1013 1801 modum
1045 1765 1192 1809 suades,
1226 1771 1318 1812 puto
1352 1777 1412 1800 me
1443 1763 1481 1800 in

156 1838 179 1864 2
200 1828 387 1865 Ficulensi
412 1830 499 1865 fore.
558 1827 709 1875 Quibus
729 1828 777 1864 de
797 1827 909 1864 rebus
928 1828 977 1863 ad
999 1840 1059 1863 me
1086 1826 1276 1876 scripsisti,
1299 1826 1480 1875 quoniam

197 1892 276 1940 ipse
296 1891 417 1936 venio,
441 1904 566 1928 coram
589 1890 812 1928 videbimus.
871 1892 995 1927 Tuam
1023 1889 1179 1938 quidem
1204 1897 1240 1927 et
1260 1890 1298 1927 in
1324 1889 1481 1938 agendis

198 1955 334 1992 nostris
367 1955 478 1992 rebus
513 1963 549 1992 et
583 1955 621 1992 in
661 1954 827 1992 consiliis
866 1953 1043 1991 ineundis
1075 1953 1243 2002 mihique
1273 1952 1409 1990 dandis
1442 1952 1481 1990 in
1502 1965 1539 1997 25

198 2018 288 2067 ipsis
308 2018 437 2056 litteris
458 2032 551 2067 quas
573 2018 689 2055 mittis
714 2017 1032 2063 benevolentiam,
1052 2017 1296 2066 diligentiam,
1319 2017 1481 2065 pruden-

158 2088 181 2124 3
200 2081 288 2117 tiam
319 2081 474 2118 mirifice
499 2082 624 2130 diligo.
682 2083 742 2117 Tu
764 2088 890 2117 tamen
918 2080 947 2117 si
974 2080 1066 2128 quid
1093 2093 1179 2116 cum
1210 2079 1311 2125 Silio,
1333 2081 1392 2116 vel
1416 2079 1480 2117 illo

54 2129 160 2168 (xxxv
199 2144 281 2193 ipso
305 2144 366 2182 die
390 2158 468 2193 quo
496 2146 545 2182 ad
575 2144 723 2182 Siccam
753 2151 931 2181 venturus
958 2156 1031 2188 ero,
1064 2143 1261 2180 certiorem
1286 2156 1346 2180 me
1367 2142 1479 2180 velim

56 2172 86 2211 ¹)

242 2257 255 2276 1
281 2252 331 2276 est
347 2246 452 2285 vulga
478 2246 518 2276 sit
536 2245 593 2275 M:
618 2245 681 2274 erit
701 2243 886 2283 Wesenberg
949 2244 999 2273 via
1014 2243 1117 2273 Pius:
1141 2243 1193 2273 illa
1210 2241 1259 2272 M¹
1347 2252 1366 2272 2
1390 2243 1476 2283 erat]
1516 2251 1524 2261 ·

197 2289 258 2319 erit
273 2288 456 2327 Wesenberg
554 2288 799 2317 animadvertes
809 2287 884 2316 coni.
904 2284 1087 2324 Wesenhmg
1188 2295 1224 2322 19
1248 2284 1477 2324 intellegebam

200 2330 296 2360 Orelli
421 2341 459 2367 24
485 2330 518 2359 in
536 2329 607 2360 add.
624 2333 691 2359 vett.
822 2338 861 2366 25
887 2333 917 2358 et
930 2332 1003 2368 post
1019 2327 1135 2357 dandis
1152 2327 1226 2357 add.
1243 2326 1325 2356 Reid
