1590 2730
52 141 167 178 XIII.
191 142 339 177 xxxvii
546 144 598 178 M.
631 142 792 178 TVLLI
824 141 1121 180 CICERONIS

197 249 365 287 viderem
398 249 492 287 scire
525 262 650 298 regern
685 262 746 286 me
777 247 894 285 animi
927 248 1021 285 nihil
1052 247 1219 296 habere),
1253 247 1479 286 Ciceronem

156 325 179 361 3
198 325 287 349 vero
306 325 433 349 meum
455 311 577 349 vexari
593 326 601 357 3
630 313 697 349 sed
718 311 756 348 id
776 311 932 360 quidem
952 310 1132 347 arbitratu
1152 323 1232 347 suo.
1278 310 1479 348 Laudatio-

198 388 285 412 nem
325 375 480 412 Porciae
516 376 665 423 gaudeo
697 388 757 412 me
789 382 877 411 ante
914 373 1065 411 dedisse
1105 375 1248 421 Leptae
1285 373 1480 410 tabellario

197 451 312 486 quam
333 445 415 475 tuas
434 437 646 486 acceperim
673 437 822 474 litteras.
882 439 978 474 Eam
1007 444 1047 473 tu
1074 436 1194 485 igitur,
1217 435 1247 472 si
1276 448 1337 473 me
1362 448 1477 480 amas,

197 500 356 546 curabis,
379 500 408 537 si
430 501 546 537 modo
567 500 744 545 mittetur,
767 500 839 537 isto
860 501 976 537 modo
1004 499 1228 536 mittendam
1251 497 1423 535 Domitio
1443 505 1480 535 et
1499 510 1515 541 5

199 565 327 600 Bruto.

153 639 179 675 4
254 628 312 664 De
348 626 629 674 gladiatoribus,
663 627 711 663 de
748 626 880 663 ceteris
918 639 1015 674 quae
1053 625 1183 662 scribis
1217 625 1477 673 ἀνεμοφόρητα,

197 689 311 727 facies
333 703 393 727 me
413 689 553 727 cotidie
573 689 781 727 certiorem.
834 689 971 735 Velim,
994 689 1023 726 si
1045 688 1112 725 tibi
1132 688 1289 734 videtur,
1311 689 1479 737 appelles

198 754 359 790 Balbum
394 760 431 790 et
460 753 641 791 Offilium.
699 755 759 790 De
786 752 964 790 auctione
996 752 1268 802 proscribenda
1300 751 1478 800 equidem

195 817 344 852 locutus
365 829 447 852 sum
468 828 556 852 cum
578 816 710 853 Balbo.
769 815 948 852 Placebat
969 816 1078 864 (puto
1102 814 1315 862 conscripta
1339 814 1478 851 habere
1498 826 1537 848 10

196 877 365 915 Offilium
385 878 537 923 omnia3
566 879 681 915 habet
709 885 746 915 et
773 878 932 926 Balbus)
952 878 1020 914 sed
1051 877 1171 913 Balbo
1197 877 1371 925 placebat
1397 889 1479 924 pro-

194 941 381 990 pinquum
401 941 504 978 diem
531 948 568 978 et
590 943 761 987 Romae3
790 940 820 977 si
841 942 981 979 Caesar
1001 947 1220 986 moraretur,
1240 952 1351 988 posse
1377 939 1479 976 diem

195 1004 345 1042 differri.
395 1005 469 1041 Sed
493 1004 522 1040 is
547 1003 702 1052 quidem
726 1005 860 1040 adesse
880 1003 1037 1040 videtur.
1093 1005 1236 1039 Totum
1262 1002 1372 1051 igitur
1392 1015 1479 1039 con-

196 1067 342 1113 siderag
370 1068 493 1116 placet
514 1066 615 1104 enim
636 1067 822 1104 Vestorio.

237 1209 475 1243 XXXVIII
518 1210 584 1242 Ser.
603 1212 633 1240 in
656 1210 835 1240 Tusculano
851 1211 914 1240 circ.
931 1209 1014 1249 prid.
1031 1209 1114 1241 Non.
1133 1209 1216 1241 Sext.
1233 1221 1261 1240 a.
1284 1220 1340 1249 709
1358 1210 1435 1250 (45).
1502 1217 1535 1248 15

590 1296 755 1326 CICERO
784 1295 959 1325 ATTICO
988 1295 1089 1326 SAL.

160 1393 177 1420 1
248 1387 349 1422 Ante
377 1386 501 1422 lucem
528 1396 615 1420 cum
643 1382 844 1420 scriberem
869 1390 1001 1420 contra
1028 1382 1246 1431 Epicureos,
1269 1385 1318 1421 de
1342 1385 1478 1421 eodem
1504 1377 1508 1380 ¹

194 1450 280 1486 oleo
300 1455 336 1485 et
356 1460 470 1496 opera
496 1445 641 1484 exaravi
668 1445 797 1482 nescio
817 1445 910 1494 quid
935 1446 984 1482 ad
1005 1453 1041 1482 te
1061 1453 1098 1483 et
1123 1454 1211 1483 ante
1232 1448 1354 1484 lucem
1376 1447 1476 1484 dedi.

196 1510 346 1548 Deinde
380 1523 467 1547 cum
499 1522 635 1546 somno
666 1508 825 1557 repetito
856 1508 967 1545 simul
998 1521 1084 1545 cum
1124 1511 1202 1546 sole
1240 1517 1477 1558 experrectus

194 1587 327 1618 essem,
350 1574 460 1610 datur
480 1572 531 1609 mi
552 1572 713 1620 epistula
731 1584 753 1608 a
773 1571 909 1608 sororis
930 1579 1016 1609 tuae
1038 1571 1115 1609 filio
1132 1586 1246 1621 quam
1268 1573 1387 1621 ipsam
1410 1573 1477 1610 tibi
1498 1588 1536 1609 20

196 1636 304 1682 misi3
343 1636 449 1673 cuius
480 1643 536 1672 est
564 1634 791 1683 principium
820 1647 898 1671 non
928 1634 1009 1671 sine
1038 1635 1202 1673 maxima
1234 1636 1475 1673 contumelia.

196 1700 271 1736 Sed
309 1700 465 1735 fortasse
503 1701 565 1735 οὐκ
603 1699 811 1746 ἐπέστησεν.
872 1699 940 1734 Est
977 1706 1105 1736 autem
1139 1698 1202 1743 sic,
1240 1701 1344 1746 ‘Ego
1377 1698 1477 1735 enim

195 1763 378 1811 quicquid
397 1775 475 1799 non
502 1762 599 1799 belle
620 1761 658 1798 in
682 1769 718 1799 te
738 1762 813 1799 dici
840 1770 964 1810 potest
985 1765 1057 1800 —.'
1113 1765 1229 1800 Posse
1249 1765 1327 1799 vult
1354 1762 1391 1798 in
1418 1775 1479 1798 me

196 1827 313 1862 multa
350 1825 424 1863 dici
463 1838 541 1862 non
574 1825 672 1862 belle
706 1827 772 1862 sed
806 1839 850 1863 ea
884 1840 923 1863 se
960 1834 1071 1875 negat
1108 1826 1328 1874 approbare.
1387 1826 1477 1861 Hoc

195 1889 399 1937 quicquam
419 1895 508 1937 pote
532 1887 744 1937 impurius?
800 1891 882 1926 Iam
907 1897 1030 1927 cetera
1056 1892 1156 1938 leges
1179 1889 1279 1938 (misi
1299 1888 1401 1926 enim
1426 1889 1476 1925 ad
1497 1904 1531 1934 25

194 1952 247 2001 te)
268 1951 540 1999 iudicabisque.
600 1952 704 1989 Bruti
731 1953 847 1990 nostri
869 1953 1069 1990 cotidianis
1089 1952 1335 2000 adsiduisque
1361 1951 1477 1988 laudi·

237 2063 254 2090 5
278 2053 413 2082 alterum
431 2053 526 2082 modo
542 2053 598 2084 del.
620 2054 703 2084 Reid
840 2065 856 2092 7
881 2057 954 2084 aule
968 2054 1082 2084 scribis
1098 2053 1170 2083 add.
1191 2059 1224 2083 ut
1242 2053 1325 2083 Reid
1440 2063 1478 2082 10

196 2095 370 2124 Placebat.
391 2117 398 2124 .
417 2118 424 2124 .
445 2095 562 2133 Balbo]
583 2097 626 2125 ita
643 2097 834 2135 interpunxit
854 2096 974 2134 Tyrrcll
1102 2106 1137 2124 12
1163 2105 1258 2133 posse
1274 2095 1321 2124 Z:
1346 2105 1476 2133 possem

196 2136 308 2167 ORP:
339 2147 435 2175 posse
462 2137 493 2165 in
520 2137 574 2167 Ms
659 2139 745 2168 diem
772 2137 923 2175 ZO¹RP‚
947 2138 983 2176 cf
1016 2137 1186 2167 Lehmann
1215 2137 1315 2168 ‘Ata'
1335 2142 1368 2176 p.
1399 2138 1475 2174 138:

194 2180 280 2208 diem
297 2180 383 2208 diem
402 2179 523 2210 Μεθ’-ἐ
559 2181 590 2209 in
616 2181 700 2210 diem
720 2191 761 2210 ex
782 2181 835 2210 die
859 2179 978 2209 Miiller
996 2180 1060 2209 coll.
1081 2180 1172 2210 Brut.
1193 2180 1222 2209 ii.
1245 2189 1269 2209 1.
1292 2189 1305 2208 1
1436 2189 1476 2207 22

195 2221 297 2259 enim]
315 2222 447 2251 minime
463 2224 540 2252 com'.
561 2222 657 2252 Orelli
781 2232 821 2260 23
842 2226 912 2262 post
927 2226 1036 2260 potest
1053 2222 1237 2260 absorplum
1253 2232 1315 2250 esse
1330 2221 1475 2260 approbo

194 2264 242 2292 vel
253 2265 392 2293 consulto
407 2265 562 2294 omissum
573 2268 666 2302 putat
682 2263 780 2294 Orelli
903 2273 943 2302 25
967 2264 1059 2303 pote]
1078 2268 1184 2302 potest
1201 2274 1276 2293 esse
1292 2263 1312 2292 I
1436 2263 1478 2291 26

196 2305 417 2344 iudicabisque
437 2306 527 2336 Bruti
549 2305 728 2345 chsenbetg
