1590 2730
94 129 161 166 IX.
184 140 213 166 x
561 134 614 170 M.
646 135 809 171 TVLLI
840 135 1136 173 CICERONIS

195 237 244 274 ad
264 238 584 277 consultationem
610 247 724 278 tuam.
782 240 821 278 Si
849 242 1003 279 Gnaeus
1033 241 1143 279 Italia
1162 241 1275 289 cedit,
1296 241 1336 280 in
1356 241 1490 280 urbem

193 301 433 339 redeundum
463 310 580 351 puto,
619 315 716 351 quae
750 303 852 341 enim
885 304 970 342 finis
1003 304 1360 354 peregrinationis?'
1400 307 1491 343 Hoc

195 362 289 400 mihi
326 365 437 412 plane
478 365 609 410 haesit,
649 373 686 403 et
723 379 825 403 nunc
871 366 922 404 ita
964 367 1077 405 video
1116 367 1306 406 infinitum
1347 368 1490 406 bellum

196 425 368 465 iunctum
389 427 596 466 miserrima
616 430 703 478 fuga
731 443 845 478 quam
866 437 906 467 tu
927 430 1268 479 peregrinationem
1284 433 1486 482 ὑποκορίζῃ.

153 490 374 539 5Sequitur
418 493 583 541 χρησμὸς
628 504 667 529 VI
706 494 758 530 K.
798 493 1031 539 Februarias,
1073 496 1178 543 ‘Ego
1216 494 1246 532 si
1284 495 1526 544 Pompeius5

195 561 324 590 manet
352 554 389 590 in
420 555 529 591 Italia
551 568 622 592 nec
646 569 703 593 res
723 557 772 593 ad
792 556 1008 605 pactionem
1037 557 1148 603 venit,
1171 558 1319 607 longius
1348 559 1490 595 bellum

194 624 288 665 puto
308 618 409 663 fore,
439 618 495 654 sin
518 618 667 655 Italiam
694 619 884 668 relinquit,
904 621 952 657 ad
977 628 1170 668 posterum
1196 621 1340 658 bellum
1361 623 1491 660 ἄσπον-

196 680 256 717 δον
274 680 366 717 strui
385 681 582 719 existimo.²
621 681 749 719 Huius
770 682 880 731 igitur
901 682 989 720 belli
1010 696 1080 731 ego
1100 684 1287 733 particeps
1308 692 1344 722 et
1364 685 1489 722 socius

196 750 233 781 et
252 743 401 781 adiutor
425 758 505 782 esse
535 758 649 793 cogor
668 746 773 794 quod
800 753 837 783 et
864 746 1043 784 ἄσπονδον
1069 754 1124 784 est
1149 753 1184 784 et
1207 760 1294 785 cum
1315 747 1490 786 civibus?

198 807 350 844 Deinde
370 819 424 844 V11
456 809 548 845 Idus
579 808 698 854 Febr„
722 822 810 846 cum
839 808 913 846 iam
943 811 1050 858 plura
1076 809 1225 848 audires
1254 812 1302 848 de
1330 811 1488 860 Pompei
1509 826 1548 848 10

196 870 366 916 consilio,
399 870 596 909 concludis
630 871 831 920 epistulam
870 874 1064 922 quandam
1096 873 1171 910 hoc
1222 874 1349 919 modo,
1384 876 1488 923 ‘Ego

196 933 352 982 quidem
381 934 448 971 tibi
478 948 555 972 non
579 934 650 972 sim
676 943 817 981 auctor,
840 935 870 973 si
899 936 1104 986 Pompeius
1130 936 1279 974 Italiam
1300 937 1487 986 relinquit,

196 1004 232 1034 te
253 1010 406 1045 quoque
426 999 635 1046 profugere.
692 999 851 1036 Summo
878 999 980 1036 enim
1006 999 1174 1048 periculo
1200 1000 1314 1038 facies
1341 1014 1411 1038 nec
1438 1001 1489 1039 rei

196 1059 371 1109 publicae
397 1060 565 1109 proderis
583 1075 592 1107 3
621 1060 712 1110 quoi
737 1061 894 1110 quidem
921 1062 1107 1111 posterius
1133 1062 1272 1111 poteris
1297 1065 1490 1112 prodesse,

197 1123 228 1160 si
262 1123 465 1160 manseris.'
521 1125 647 1171 Quem
679 1126 897 1174 φιλόπατριν
924 1139 968 1163 ac
999 1127 1185 1164 πολιτικὸν
1213 1126 1378 1164 hominis
1408 1141 1490 1176 pru-
1512 1141 1546 1172 15

200 1186 324 1223 dentis
361 1194 398 1223 et
434 1186 546 1223 amici
583 1186 647 1224 tali
689 1188 890 1225 admonitu
927 1202 1005 1226 non
1050 1197 1217 1226 moveret
1259 1190 1490 1228 auctoritas?

152 1252 180 1289 6
204 1250 394 1298 Deinceps
424 1262 467 1287 111
498 1251 591 1288 Idus
622 1252 730 1288 Febr.
750 1251 884 1288 iterum
916 1251 1009 1289 mihi
1038 1254 1244 1301 respondes
1277 1253 1490 1290 consulenti

198 1312 264 1358 sic,
306 1314 445 1361 ‘Quod
477 1313 625 1362 quaeris
654 1327 676 1351 a
710 1328 770 1352 me
804 1316 982 1363 fugamne
1020 1316 1223 1353 defendam
1261 1329 1309 1352 an
1344 1329 1488 1353 moram

195 1375 382 1413 utiliorem
409 1383 549 1424 putem,
573 1390 642 1425 ego
663 1390 751 1414 vero
777 1377 815 1414 in
839 1378 1051 1426 praesentia
1079 1378 1247 1415 subitum
1277 1378 1486 1416 discessum

194 1446 230 1476 et
261 1439 504 1488 praecipitem
536 1440 810 1488 profectionem
845 1454 932 1478 cum
964 1441 1032 1478 tibi
1061 1448 1141 1478 turn
1170 1442 1240 1490 ipsi
1271 1443 1404 1480 Gnaeo
1434 1442 1487 1479 in-
1507 1456 1544 1476 20

194 1502 324 1539 utilem
362 1510 398 1540 et
435 1503 685 1552 periculosam
724 1512 817 1552 puto
855 1511 891 1541 et
932 1504 1048 1541 satius
1086 1518 1167 1542 esse
1210 1504 1383 1542 existimo
1420 1518 1487 1542 vos

193 1566 409 1614 dispertitos
447 1574 483 1604 et
521 1566 559 1603 in
597 1566 760 1615 speculis
799 1580 904 1609 esse;
951 1569 1018 1605 sed
1053 1567 1201 1605 medius
1235 1568 1347 1605 fidius
1381 1575 1488 1617 turpe

194 1629 304 1666 nobis
325 1636 417 1677 puto
438 1642 519 1666 esse
540 1631 588 1666 de
608 1631 695 1678 fuga
716 1630 904 1678 cogitares
948 1632 1037 1667 Hoc
1058 1638 1165 1679 turpe
1187 1632 1341 1668 Gnaeus
1362 1638 1489 1668 noster

194 1692 349 1729 biennio
382 1700 470 1729 ante
501 1692 691 1740 cogitavit.
750 1694 809 1730 Ita
841 1693 1025 1730 sullaturit
1053 1693 1203 1730 animus
1232 1693 1311 1730 eius
1340 1701 1377 1730 et
1404 1706 1488 1742 pro·

194 1755 382 1803 scripturit
402 1755 476 1792 iam
497 1755 575 1792 diu.
619 1757 729 1802 Inde,
751 1764 790 1792 ut
811 1756 956 1804 opinor,
979 1769 1065 1793 cum
1088 1764 1127 1793 tu
1147 1757 1196 1793 ad
1217 1769 1277 1793 me
1298 1757 1486 1805 quaedam
1507 1771 1544 1803 25

194 1817 420 1868 γενικώτερον
448 1816 658 1864 scripsisses
687 1824 723 1854 et
746 1830 814 1865 ego
836 1817 927 1853 mihi
947 1831 967 1853 a
988 1825 1024 1853 te
1046 1815 1266 1868 [quaedam]
1288 1817 1488 1866 significari

195 1888 387 1929 putassem
412 1888 451 1916 ut
480 1879 588 1916 Italia
614 1881 800 1925 cederem,
823 1880 1018 1917 detestaris
1046 1881 1119 1916 hoc
1145 1879 1343 1928 diligenter
1365 1891 1407 1916 XI
1436 1882 1487 1917 K.

196 1945 321 1988 Mart„
355 1945 460 1991 ‘Ego
480 1956 568 1980 vero
590 1945 691 1979 nulla
715 1942 875 1991 epistula
903 1942 1120 1991 significavi,
1143 1942 1172 1980 si
1200 1944 1353 1980 Gnaeus
1379 1943 1488 1980 Italia

196 2007 360 2051 cederet,
380 2014 421 2043 ut
450 2014 489 2042 tu
519 2019 595 2043 una
623 2007 786 2051 cederes,
809 2012 873 2042 aut
901 2007 937 2042 si
961 2005 1177 2054 significavi,
1207 2018 1284 2042 non
1313 2005 1401 2043 dico
1434 2005 1486 2042 fui

238 2117 258 2144 9
282 2111 314 2136 et
329 2106 401 2136 add.
422 2107 596 2136 Ascensins
704 2116 740 2135 12
766 2116 837 2135 sum
853 2106 1025 2136 Ascensius
1136 2107 1228 2145 18,19
1252 2107 1404 2144 fugamne
1420 2130 1426 2137 .
1448 2130 1455 2137 .
1475 2131 1483 2138 .

196 2150 325 2188 putem]
350 2149 401 2179 Ita
425 2149 496 2179 Otto
512 2148 646 2180 Miillerz
680 2148 834 2185 fugamne
861 2149 957 2178 fidam
982 2149 1070 2186 (corr.
1091 2159 1129 2178 ex
1154 2149 1272 2179 fedam]
1297 2159 1338 2178 an
1364 2159 1485 2179 moram

198 2191 368 2221 defendam
386 2192 547 2221 utiliorem
565 2196 677 2230 putem
693 2190 749 2221 M:
775 2192 926 2229 fugamne
943 2191 1097 2220 suadeam
1113 2201 1155 2220 an
1173 2201 1294 2221 moram
1311 2191 1486 2221 defendam

198 2234 426 2272 utilioremque
445 2239 554 2272 putem
571 2234 687 2263 Klotz:
712 2234 864 2272 fugamne
886 2233 1015 2263 foedam
1032 2244 1074 2262 an
1092 2242 1214 2263 moram
1235 2234 1380 2263 desidem
1398 2234 1487 2264 utili-

197 2285 285 2305 orem
304 2281 413 2313 putem
431 2276 521 2306 Mau.
592 2286 640 2313 21,
661 2286 700 2304 22
724 2286 782 2305 vos
799 2276 988 2313 dispertitos
1004 2274 1101 2305 Rom.
1121 2275 1205 2314 vulg.
1220 2288 1225 2306 ι
1250 2286 1307 2305 eos
1325 2277 1397 2314 (vos
1415 2276 1485 2315 ΜΕ)

199 2319 367 2357 dispertim
386 2328 443 2348 cos
459 2319 497 2347 M
581 2319 622 2347 26
646 2319 804 2356 quaedam
818 2318 873 2348 del.
894 2318 1013 2348 Sclzz'c'lz
1110 2328 1152 2357 29
1174 2318 1202 2347 si
1219 2317 1294 2349 add.
1312 2318 1397 2358 vulg.
