1590 2730
543 136 651 172 EPP.
683 137 757 172 AD
788 134 1039 172 ATTICVM
1369 135 1436 170 IX.
1454 133 1498 169 vi

201 243 409 291 Domitius,
432 250 472 281 ut
499 242 626 287 audio,
656 241 694 279 in
721 243 876 280 Cosano
904 248 961 278 est
989 248 1027 278 et
1055 240 1222 289 quidem,
1245 248 1286 278 ut
1313 240 1429 286 aiunt,
1451 250 1476 278 2

147 314 298 357 paratus
317 308 367 345 ad
392 305 662 354 navigandum,
682 304 712 342 si
741 305 779 342 in
808 304 1051 352 Hispaniam,
1071 317 1149 342 non
1173 304 1305 353 probo,
1327 304 1357 340 si
1383 305 1432 342 ad

148 372 335 416 Gnaeum,
374 370 490 407 laudo
503 383 513 415 ,-
554 367 689 417 quovis
726 368 852 416 potius
890 375 991 405 certe
1028 380 1144 415 quam
1182 375 1223 404 ut
1256 367 1430 405 Curtium

147 433 272 471 videat
309 445 424 482 quem
456 445 528 480 ego
560 439 741 480 patronus
770 430 939 479 aspicere
977 443 1054 467 non
1088 443 1255 478 possum.
1325 429 1429 477 Quid

110 510 126 541 5
145 497 268 534 alios?
339 496 425 541 Sed,
471 494 619 543 opinor,
663 494 914 543 quiescamus,
960 506 1008 530 ne
1059 501 1226 530 nostram
1278 495 1429 541 culpam

146 572 394 608 coarguamus
420 558 499 606 qui,
519 559 611 595 dum
632 557 778 603 urbem,
798 556 837 594 id
857 564 913 593 est
933 555 1103 605 patriam,
1125 569 1298 592 amamus
1324 557 1431 593 dum-

144 636 220 671 que
245 635 327 665 rem
352 628 625 659 conventuram
652 627 843 669 putamus,
863 619 914 657 ita
938 632 1009 657 nos
1035 618 1220 667 gessimus
1249 626 1289 656 ut
1318 620 1429 668 plane

145 684 335 723 interclusi
355 683 533 733 captique
552 683 679 721 simus.

197 748 343 797 Scripta
379 747 454 785 iam
493 747 655 796 epistula
692 747 826 795 Capua
862 745 1007 784 litterae
1045 752 1132 783 sunt
1168 747 1317 783 adlatae
1354 747 1470 792 hoc3

89 827 127 850 10
144 813 342 861 exemplo:
374 810 600 860 ‘Pompeius
624 823 726 848 mare
755 809 900 847 transiit
926 822 1013 847 cum
1042 809 1221 846 omnibus
1246 809 1427 846 militibus

144 888 241 925 quos
278 887 408 912 secum
446 874 589 912 habuit.
661 873 738 910 Hic
776 886 956 910 numerus
993 879 1049 910 est
1086 871 1287 909 hominum
1325 872 1428 910 milia

143 939 294 988 triginta
330 945 367 975 et
400 939 576 975 consules
613 938 691 974 duo
728 944 765 974 et
803 935 943 973 tribuni
974 937 1022 984 pl.
1059 942 1095 972 et
1132 943 1324 973 senatores
1362 935 1426 984 qui

143 1004 293 1040 fuerunt
313 1015 400 1039 cum
430 1015 476 1039 eo
502 1014 636 1038 omnes
662 1013 749 1037 cum
774 999 954 1037 uxoribus
977 1007 1014 1036 et
1040 999 1177 1036 liberis.
1236 1000 1428 1037 Conscen-

143 1065 244 1104 disse
281 1065 419 1103 dicitur
447 1078 479 1101 a.
511 1066 546 1102 d.
581 1076 640 1100 1111
677 1065 810 1101 Nonas
844 1062 1010 1100 Martias.
1070 1064 1127 1099 Ex
1157 1075 1202 1100 ea
1234 1062 1295 1100 die
1324 1064 1427 1100 suere

87 1142 123 1173 15
142 1128 431 1178 septemtriones
450 1126 562 1165 venti.
620 1126 737 1164 Navis
765 1125 904 1174 quibus
930 1138 1019 1163 usus
1039 1138 1117 1163 non
1137 1133 1193 1163 est
1219 1125 1343 1163 omnis
1362 1134 1426 1163 aut

142 1191 370 1241 praecidisse
389 1198 453 1228 aut
473 1189 689 1227 incendisse
709 1189 864 1227 dicunt.'

195 1257 254 1292 De
280 1256 351 1291 hac
371 1267 409 1291 re
428 1253 573 1291 litterae
595 1255 636 1290 L.
661 1254 819 1290 Metello
840 1252 993 1289 tribuno
1012 1253 1060 1301 pl.
1084 1253 1256 1300 Capuam
1277 1254 1425 1289 adlatae

141 1325 228 1356 sunt
265 1331 287 1355 a
321 1317 458 1356 Clodia
494 1330 603 1354 socru
642 1329 739 1365 quae
777 1315 858 1363 ipsa
891 1315 1045 1352 transiit.
1102 1318 1205 1353 Ante
1242 1315 1468 1354 sollicitus4

141 1395 243 1419 eram
281 1388 317 1418 et
354 1380 531 1429 angebar,
569 1379 665 1417 sicut
703 1392 760 1417 res
797 1378 940 1416 scilicet
978 1379 1060 1428 ipsa
1096 1379 1266 1428 cogebat,
1307 1392 1423 1428 quom

83 1462 123 1484 20
141 1444 301 1483 consilio
341 1445 527 1493 explicare
565 1442 657 1480 nihil
695 1455 872 1492 possem3
917 1455 1019 1479 nunc
1056 1449 1183 1479 autem
1221 1450 1423 1491 postquam

142 1508 347 1558 Pompeius
384 1514 421 1545 et
458 1508 634 1544 consules
668 1519 711 1544 ex
744 1505 853 1543 Italia
884 1505 1063 1552 exierunt,
1097 1519 1173 1544 non
1207 1519 1325 1555 angor
1357 1508 1423 1544 sed

138 1573 254 1610 ardeo
274 1573 416 1617 dolore,
788 1612 870 1651 οὐδέ
894 1630 956 1662 μοι
977 1612 1066 1661 ἦτορ

245 1679 397 1728 ἔμπεδον
424 1675 511 1716 ἀλλ’
542 1677 803 1725 ἀλαλύκτημαι.

83 1779 121 1810 25
141 1765 231 1802 Non
252 1777 349 1810 sum,
364 1763 532 1812 inquam,
551 1762 643 1800 mihi
664 1764 789 1809 crede,
803 1762 940 1800 mentis
956 1775 1140 1811 compos,·
1165 1769 1311 1800 tantum
1334 1763 1424 1801 mihi

139 1827 337 1865 dedecoris
382 1826 581 1864 admisisse
624 1825 764 1863 videor.
841 1827 959 1863 Mene
1007 1837 1084 1862 non
1128 1825 1292 1873 primum
1336 1840 1423 1863 cum

140 1890 325 1939 Pompeio
353 1889 622 1938 qualicumque
646 1889 806 1927 consilio
832 1902 922 1926 usus
947 1894 1007 1933 est,
1030 1888 1170 1926 deinde
1196 1902 1282 1926 cum
1313 1890 1423 1927 bonis

138 1967 220 1991 esse
240 1953 413 2001 quamvis
433 1966 547 1990 causa
566 1960 707 1990 temere
735 1952 933 1989 instituta?
961 1951 1179 2000 praesertim
1200 1965 1287 1989 curn
1309 1952 1332 1988 ii
1353 1952 1422 2001 ipsi

138 2030 301 2065 quorum
322 2029 392 2064 ego
408 2029 521 2053 causa
540 2015 709 2054 timidius
730 2028 790 2052 me
810 2016 983 2052 fortunae
1003 2014 1301 2061 committebam,
1318 2029 1419 2061 uxor,

81 2095 123 2125 30
139 2080 224 2125 filia,
248 2079 453 2118 Cicerones
481 2078 586 2127 pueri
616 2092 677 2116 me
706 2078 798 2115 illud
828 2078 935 2126 sequi
956 2079 1124 2123 mallent,
1150 2079 1224 2115 hoc
1252 2085 1360 2127 turpe
1386 2086 1422 2116 et

139 2157 200 2181 me
220 2142 418 2191 indignum
438 2148 624 2191 putarent.
682 2143 782 2178 Nam
804 2140 971 2188 Quintus
998 2140 1153 2189 quidem
1183 2142 1293 2178 frater
1321 2142 1422 2190 quic-

179 2245 199 2273 8
223 2244 323 2273 simus
340 2246 410 2273 vett.
428 2254 433 2273 :
458 2252 593 2272 suumus
609 2241 660 2270 M¹
754 2252 800 2280 19,
816 2252 857 2271 20
879 2252 974 2280 quom
994 2265 999 2271 .
1017 2265 1023 2271 .
1043 2265 1049 2271 .
1066 2251 1196 2279 possem
1217 2241 1264 2271 C:
1287 2253 1349 2272 om.
1366 2253 1419 2272 ex-

138 2287 260 2325 plicare
277 2285 357 2315 nihil
375 2284 426 2314 M1
443 2296 449 2315 z
471 2295 536 2323 quo
553 2285 598 2313 uti
616 2284 751 2314 consilio
770 2294 899 2323 possem
918 2284 969 2312 M²
988 2294 1090 2322 marg.
1209 2294 1247 2322 27
1274 2294 1351 2314 usus
1371 2290 1420 2314 est

142 2327 340 2367 ll'esenberg:
366 2337 443 2357 usus
460 2326 517 2356 M:
544 2337 620 2356 usus
637 2327 678 2356 sit
696 2325 723 2354 L
743 2331 875 2366 (chng.)
892 2337 896 2355 :
923 2336 980 2356 uso
999 2326 1088 2356 Mun.
