1590 2730
95 134 187 170 XII.
209 134 345 170 xxxvi
572 136 624 171 M.
656 136 818 170 TVLLI
850 135 1146 172 CICERONIS

210 241 336 279 habeo
358 255 407 279 ne
433 255 494 280 me
521 242 677 291 quidem
705 241 829 291 ipsum
850 242 1005 291 quicum
1026 250 1102 279 tam
1122 243 1301 281 audacter
1326 255 1494 281 commu-

210 304 334 342 nicem
364 318 479 353 quam
509 313 645 342 tecum.
717 304 783 342 Sin
813 305 882 342 tibi
915 318 982 352 reS‚
1014 305 1044 342 si
1074 307 1190 351 locus,
1221 306 1252 342 si
1279 305 1494 343 institutum

209 369 343 417 placet,
366 370 458 416 lege,
481 381 634 417 quaeso,
656 370 777 416 legem
799 368 969 416 mihique
989 381 1073 405 earn
1103 368 1218 405 mitte.
1277 368 1316 406 Si
1339 368 1431 417 quid
1454 368 1493 406 in

210 439 378 469 mentem
398 431 523 469 veniet
543 444 620 480 quo
642 433 758 468 modo
778 444 862 468 earn
883 432 1046 479 effugere
1066 432 1265 480 possimus,
1288 439 1446 470 utemur.

166 502 190 529 2
258 495 325 532 Ad
354 496 513 531 Brutum
540 494 569 532 si
596 495 688 543 quid
718 494 868 542 scribes,
897 494 969 531 nisi
995 495 1161 531 alienum
1187 495 1348 543 putabis,
1371 494 1493 531 obiur-
1512 504 1529 535 5

207 564 295 606 gato
315 571 402 595 eum
419 560 524 606 quod
540 558 578 594 in
596 560 772 596 Cumano
793 572 874 596 esse
895 558 1056 596 noluerit
1073 566 1225 607 propter
1240 571 1323 595 eam
1339 571 1492 595 causam

207 632 323 668 quam
356 619 425 657 tibi
457 620 543 657 dixi.
613 620 805 668 Cogitanti
843 620 944 657 enim
982 620 1075 657 mihi
1112 620 1206 656 nihil
1237 627 1313 656 tam
1345 619 1494 656 videtur

207 682 375 731 potuisse
395 684 517 720 facere
537 683 683 721 rustice.
742 685 790 720 Et
811 683 841 720 si
861 683 929 720 tibi
949 683 1114 732 placebit
1134 683 1188 720 sic
1207 696 1315 731 agere
1335 683 1383 720 de
1403 683 1492 719 fano

207 752 248 782 ut
276 745 483 794 coepimus,
506 746 617 783 velim
647 747 843 783 cohortere
872 753 909 783 et
938 759 1098 783 exacuas
1128 745 1331 783 Cluatium.
1390 746 1491 781 Nam

207 807 321 844 etiam
351 808 382 844 si
411 808 485 845 alio
517 810 602 845 loco
632 808 807 856 placebit,
841 808 939 845 illius
969 808 1080 845 nobis
1110 821 1226 857 opera
1255 807 1492 855 consilioque
1515 821 1550 842 ιο

207 871 393 908 utendum
414 879 516 919 puto.
575 873 635 908 Tu
655 872 703 908 ad
724 871 850 908 villam
872 873 1028 908 fortasse
1048 884 1138 908 cras.

248 1010 462 1046 XXXVII
505 1013 573 1046 δον.
593 1015 734 1045 Assume
747 1015 779 1044 iv
794 1014 877 1045 Non.
896 1014 975 1045 Mai.
992 1025 1020 1045 a.
1042 1024 1099 1054 709
1120 1014 1197 1055 (45).

600 1100 765 1130 CICERO
794 1100 970 1130 ATTICO
1000 1099 1101 1131 SAL.

172 1196 190 1224 1
259 1188 294 1223 A
332 1194 369 1224 te
401 1186 480 1224 heri
514 1188 607 1224 duas
640 1187 820 1235 epistulas
848 1186 989 1235 accepi,
1019 1188 1176 1224 alteram
1208 1186 1330 1235 pridie
1362 1188 1491 1224 datam

209 1249 354 1296 Hilaro,
377 1251 531 1287 alteram
553 1251 690 1287 eodem
711 1249 773 1286 die
794 1249 999 1294 tabellario,
1022 1249 1230 1298 accepique
1249 1250 1298 1286 ab
1318 1252 1491 1298 Aegypta
1512 1265 1545 1295 15

206 1312 341 1350 liberto
367 1314 503 1350 eodem
524 1313 586 1350 die
608 1313 740 1349 Piliam
762 1320 798 1349 et
818 1312 984 1354 Atticam
1008 1314 1121 1361 plane
1147 1312 1246 1350 belle
1272 1325 1312 1350 se
1337 1313 1487 1350 habere.

205 1376 323 1422 Quod
352 1375 445 1412 mihi
474 1375 578 1413 Bruti
604 1375 754 1421 litteras,
785 1382 942 1423 gratum.
1001 1376 1064 1412 Ad
1093 1388 1155 1412 me
1183 1387 1337 1424 quoque
1366 1375 1466 1412 misit
1482 1390 1490 1422 3

203 1451 301 1486 quae
327 1439 471 1476 litterae
501 1439 594 1475 mihi
625 1439 793 1475 redditae
824 1446 912 1475 sunt
940 1438 1050 1476 tertio
1083 1439 1235 1476 decimo
1262 1439 1334 1477 die.
1393 1441 1489 1476 Eam

203 1501 324 1550 ipsam
353 1503 401 1539 ad
431 1509 467 1539 te
496 1501 695 1550 epistulam
724 1501 806 1537 misi
833 1508 869 1538 et
894 1502 943 1538 ad
970 1514 1053 1538 eam
1074 1502 1290 1549 exemplum
1319 1514 1488 1539 mearum

203 1564 419 1602 litterarum.
1508 1577 1547 1598 20

161 1636 185 1663 2
258 1630 316 1665 De
336 1630 435 1673 fano,
457 1627 487 1664 si
510 1627 605 1664 nihil
634 1627 726 1664 mihi
752 1629 948 1665 hortorum
976 1628 1133 1676 invenis,
1155 1629 1224 1677 qui
1245 1628 1400 1677 quidem
1420 1628 1488 1666 tibi

203 1691 421 1728 inveniendi
452 1698 550 1737 sunt,
573 1690 602 1727 si
628 1704 688 1728 me
716 1691 810 1728 tanti
839 1691 930 1728 facis
957 1692 1087 1740 quanti
1118 1700 1218 1729 certe
1247 1692 1348 1738 facis,
1378 1693 1488 1729 valde

202 1755 324 1803 probo
344 1754 528 1792 rationem
552 1762 657 1791 tuam
683 1756 732 1791 de
759 1756 989 1792 Tusculano.
1049 1755 1233 1803 Quamvis
1253 1756 1419 1804 prudens
1438 1756 1487 1792 ad

201 1817 447 1865 cogitandum
468 1817 528 1864 sis,
551 1817 647 1855 sicut
667 1831 716 1863 es,
741 1826 868 1855 tamen
889 1818 960 1855 nisi
990 1832 1149 1867 magnae
1169 1832 1280 1856 curae
1300 1818 1368 1855 tibi
1389 1826 1487 1856 esset

201 1888 241 1917 ut
261 1894 331 1930 ego
351 1894 603 1930 consequerer
623 1881 661 1919 id
682 1883 786 1930 quod
807 1896 945 1931 magno
974 1896 1087 1931 opere
1107 1884 1253 1928 vellem,
1276 1895 1485 1930 numquam
1507 1892 1543 1923 25

200 1957 244 1980 ea
281 1958 338 1981 res
376 1944 442 1981 tibi
481 1952 557 1981 tam
591 1945 689 1982 belle
723 1945 761 1981 in
795 1953 961 1982 mentem
996 1945 1122 1982 venire
1159 1945 1353 1994 potuisset.
1410 1946 1486 1982 Sed

201 2007 329 2044 nescio
353 2021 429 2056 quo
456 2016 568 2056 pacto
594 2008 852 2046 celebritatem
879 2008 1029 2057 requiro
1043 2023 1053 2055 3
1080 2009 1208 2057 itaque
1234 2010 1363 2045 hortos
1392 2007 1485 2044 mihi

200 2071 380 2108 conficias
410 2085 565 2110 necesse
595 2080 661 2109 est.
721 2072 891 2109 Maxima
920 2079 976 2109 est
999 2072 1037 2109 in
1067 2074 1251 2121 Scapulae
1274 2070 1482 2116 celebritaS,

243 2183 261 2201 2
284 2179 390 2203 tecum
410 2173 571 2203 Corradus
584 2185 590 2203 :
615 2178 646 2202 te
663 2172 747 2203 codd.
824 2183 841 2211 7
859 2173 940 2202 dixit
952 2171 979 2201 L
993 2172 1128 2211 (marg.)
1220 2173 1255 2201 18
1279 2183 1378 2211 quae.
1393 2197 1399 2203 .
1411 2196 1418 2203 .
1432 2173 1485 2202 die

199 2215 282 2246 codd.
296 2216 409 2246 habent
420 2220 495 2255 post
506 2216 625 2245 habere
639 2215 672 2255 (l.
682 2216 752 2254 16):
776 2216 971 2254 transposuit
982 2214 1101 2244 Scln'itz
1113 2226 1119 2244 :
1140 2215 1205 2245 secl.
1220 2216 1330 2244 Baiter
1382 2214 1481 2253 quael

199 2261 253 2286 tue
269 2258 331 2287 hae
349 2258 410 2296 (vel
423 2259 494 2295 tue)
512 2257 564 2287 Ml
578 2269 585 2288 ε
605 2258 666 2287 hae
678 2251 853 2287 ZlSchiclze
910 2257 1054 2296 decimo]
1072 2258 1112 2286 de
1124 2257 1268 2287 Cumano
1284 2255 1417 2290 Schiche,
1429 2256 1488 2295 qui

199 2299 342 2329 ordinem
359 2301 522 2330 verborum
540 2301 571 2330 in
588 2300 673 2330 codd.
692 2299 806 2329 datum
821 2303 925 2328 sewu!
1010 2309 1045 2328 21
1072 2300 1124 2337 qui
1142 2299 1213 2329 add.
1230 2303 1298 2329 vett.
1315 2310 1322 2330 t
1345 2300 1370 2328 si
1386 2298 1482 2328 Rom.
