<?xml version="1.0" encoding="UTF-8"?>
<!DOCTYPE html PUBLIC "-//W3C//DTD XHTML 1.0 Transitional//EN"
    "http://www.w3.org/TR/xhtml1/DTD/xhtml1-transitional.dtd">
<html xmlns="http://www.w3.org/1999/xhtml" xml:lang="en" lang="en">
 <head>
  <title>
</title>
<meta http-equiv="Content-Type" content="text/html;charset=utf-8" />
  <meta name='ocr-system' content='tesseract 3.04.00' />
  <meta name='ocr-capabilities' content='ocr_page ocr_carea ocr_par ocr_line ocrx_word'/>
</head>
<body>
  <div class='ocr_page' id='page_1' title='image "./mtulliciceronise00cice_0190.png"; bbox 0 0 1590 2730; ppageno 0'>
   <div class='ocr_carea' id='block_1_1' title="bbox 23 130 1104 168">
    <p class='ocr_par' dir='ltr' id='par_1_1' title="bbox 23 130 1104 168">
     <span class='ocr_line' id='line_1_1' title="bbox 23 130 1104 168; baseline 0 -1"><span class='ocrx_word' id='word_1_1' title='bbox 23 132 138 168; x_wconf 91' lang='lat' dir='ltr'><strong>XIII.</strong></span> <span class='ocrx_word' id='word_1_2' title='bbox 161 131 280 167; x_wconf 85' lang='lat' dir='ltr'>xxxii</span> <span class='ocrx_word' id='word_1_3' title='bbox 531 132 584 167; x_wconf 94' lang='lat' dir='ltr'>M.</span> <span class='ocrx_word' id='word_1_4' title='bbox 615 131 778 166; x_wconf 92' lang='lat' dir='ltr'><strong>TVLLI</strong></span> <span class='ocrx_word' id='word_1_5' title='bbox 808 130 1104 168; x_wconf 86' lang='lat' dir='ltr'>CICERONIS</span> 
     </span>
    </p>
   </div>
   <div class='ocr_carea' id='block_1_2' title="bbox 171 237 1517 915">
    <p class='ocr_par' dir='ltr' id='par_1_2' title="bbox 171 237 1517 915">
     <span class='ocr_line' id='line_1_2' title="bbox 171 237 1456 287; baseline -0.002 -12"><span class='ocrx_word' id='word_1_6' title='bbox 171 252 303 287; x_wconf 89' lang='lat' dir='ltr'>parum</span> <span class='ocrx_word' id='word_1_7' title='bbox 332 237 557 283; x_wconf 77' lang='lat' dir='ltr'><strong>intellexisti,</strong></span> <span class='ocrx_word' id='word_1_8' title='bbox 580 239 705 283; x_wconf 89' lang='lat' dir='ltr'>credo,</span> <span class='ocrx_word' id='word_1_9' title='bbox 728 237 816 286; x_wconf 85' lang='lat' dir='ltr'>quia</span> <span class='ocrx_word' id='word_1_10' title='bbox 844 239 900 275; x_wconf 79' lang='grc' dir='ltr'>διὰ</span> <span class='ocrx_word' id='word_1_11' title='bbox 928 239 1085 286; x_wconf 83' lang='grc' dir='ltr'>σημείων</span> <span class='ocrx_word' id='word_1_12' title='bbox 1107 237 1338 286; x_wconf 82' lang='lat' dir='ltr'>scripseram.</span> <span class='ocrx_word' id='word_1_13' title='bbox 1396 237 1456 273; x_wconf 91' lang='lat' dir='ltr'>De</span> 
     </span>
     <span class='ocr_line' id='line_1_3' title="bbox 171 298 1456 348; baseline -0.003 -9"><span class='ocrx_word' id='word_1_14' title='bbox 171 303 214 339; x_wconf 83' lang='lat' dir='ltr'>C.</span> <span class='ocrx_word' id='word_1_15' title='bbox 237 301 432 339; x_wconf 79' lang='lat' dir='ltr'>Tuditano</span> <span class='ocrx_word' id='word_1_16' title='bbox 451 301 553 338; x_wconf 93' lang='lat' dir='ltr'>enim</span> <span class='ocrx_word' id='word_1_17' title='bbox 578 300 807 348; x_wconf 76' lang='lat' dir='ltr'>quaerebam</span> <span class='ocrx_word' id='word_1_18' title='bbox 834 313 949 348; x_wconf 89' lang='lat' dir='ltr'>quem</span> <span class='ocrx_word' id='word_1_19' title='bbox 968 314 1013 338; x_wconf 87' lang='lat' dir='ltr'>ex</span> <span class='ocrx_word' id='word_1_20' title='bbox 1034 299 1244 337; x_wconf 89' lang='lat' dir='ltr'>Hortensio</span> <span class='ocrx_word' id='word_1_21' title='bbox 1256 298 1456 336; x_wconf 60' lang='lat' dir='ltr'>&#39;audieram</span> 
     </span>
     <span class='ocr_line' id='line_1_4' title="bbox 171 361 1457 412; baseline -0.002 -11"><span class='ocrx_word' id='word_1_22' title='bbox 171 365 285 402; x_wconf 90' lang='lat' dir='ltr'>fuisse</span> <span class='ocrx_word' id='word_1_23' title='bbox 305 364 344 401; x_wconf 91' lang='lat' dir='ltr'>in</span> <span class='ocrx_word' id='word_1_24' title='bbox 363 365 509 402; x_wconf 90' lang='lat' dir='ltr'>decem.</span> <span class='ocrx_word' id='word_1_25' title='bbox 568 366 667 400; x_wconf 86' lang='lat' dir='ltr'>Eum</span> <span class='ocrx_word' id='word_1_26' title='bbox 688 363 800 401; x_wconf 90' lang='lat' dir='ltr'>video</span> <span class='ocrx_word' id='word_1_27' title='bbox 820 364 859 400; x_wconf 89' lang='lat' dir='ltr'>in</span> <span class='ocrx_word' id='word_1_28' title='bbox 880 363 1037 401; x_wconf 89' lang='lat' dir='ltr'>Libonis</span> <span class='ocrx_word' id='word_1_29' title='bbox 1057 370 1269 412; x_wconf 78' lang='lat' dir='ltr'>praetorem</span> <span class='ocrx_word' id='word_1_30' title='bbox 1290 364 1329 399; x_wconf 93' lang='lat' dir='ltr'>P.</span> <span class='ocrx_word' id='word_1_31' title='bbox 1348 361 1457 410; x_wconf 90' lang='lat' dir='ltr'>Popi-</span> 
     </span>
     <span class='ocr_line' id='line_1_5' title="bbox 171 426 1457 476; baseline -0.002 -12"><span class='ocrx_word' id='word_1_32' title='bbox 171 427 222 465; x_wconf 89' lang='lat' dir='ltr'>lio</span> <span class='ocrx_word' id='word_1_33' title='bbox 252 429 290 464; x_wconf 89' lang='lat' dir='ltr'>P.</span> <span class='ocrx_word' id='word_1_34' title='bbox 315 426 470 476; x_wconf 90' lang='lat' dir='ltr'>Rupilio</span> <span class='ocrx_word' id='word_1_35' title='bbox 498 440 580 463; x_wconf 77' lang='lat' dir='ltr'>[oss.</span> <span class='ocrx_word' id='word_1_36' title='bbox 637 426 761 463; x_wconf 86' lang='lat' dir='ltr'>Annis</span> <span class='ocrx_word' id='word_1_37' title='bbox 790 438 881 463; x_wconf 84' lang='lat' dir='ltr'>X1111</span> <span class='ocrx_word' id='word_1_38' title='bbox 906 434 993 463; x_wconf 90' lang='lat' dir='ltr'>ante</span> <span class='ocrx_word' id='word_1_39' title='bbox 1020 439 1134 475; x_wconf 86' lang='lat' dir='ltr'>quam</span> <span class='ocrx_word' id='word_1_40' title='bbox 1163 432 1312 474; x_wconf 91' lang='lat' dir='ltr'>praetor</span> <span class='ocrx_word' id='word_1_41' title='bbox 1337 426 1457 461; x_wconf 87' lang='lat' dir='ltr'>sactus</span> 
     </span>
     <span class='ocr_line' id='line_1_6' title="bbox 171 489 1494 538; baseline 0 -11"><span class='ocrx_word' id='word_1_42' title='bbox 171 498 227 528; x_wconf 84' lang='lat' dir='ltr'>est</span> <span class='ocrx_word' id='word_1_43' title='bbox 253 491 396 538; x_wconf 86' lang='lat' dir='ltr'>legatus</span> <span class='ocrx_word' id='word_1_44' title='bbox 423 503 504 527; x_wconf 88' lang='lat' dir='ltr'>esse</span> <span class='ocrx_word' id='word_1_45' title='bbox 533 489 728 538; x_wconf 88' lang='lat' dir='ltr'>potuisset,</span> <span class='ocrx_word' id='word_1_46' title='bbox 751 489 822 526; x_wconf 91' lang='lat' dir='ltr'>nisi</span> <span class='ocrx_word' id='word_1_47' title='bbox 850 491 1061 527; x_wconf 83' lang='lat' dir='ltr'>admodum</span> <span class='ocrx_word' id='word_1_48' title='bbox 1090 502 1173 526; x_wconf 92' lang='lat' dir='ltr'>sero</span> <span class='ocrx_word' id='word_1_49' title='bbox 1202 495 1380 536; x_wconf 79' lang='lat' dir='ltr'>quaestor</span> <span class='ocrx_word' id='word_1_50' title='bbox 1402 494 1458 524; x_wconf 91' lang='lat' dir='ltr'>est</span> <span class='ocrx_word' id='word_1_51' title='bbox 1477 497 1494 527; x_wconf 80' lang='lat'><strong>5</strong></span> 
     </span>
     <span class='ocr_line' id='line_1_7' title="bbox 172 550 1458 601; baseline -0.002 -11"><span class='ocrx_word' id='word_1_52' title='bbox 172 555 320 590; x_wconf 85' lang='lat' dir='ltr'>factus?</span> <span class='ocrx_word' id='word_1_53' title='bbox 348 554 453 601; x_wconf 84' lang='lat' dir='ltr'>quod</span> <span class='ocrx_word' id='word_1_54' title='bbox 474 566 551 589; x_wconf 91' lang='lat' dir='ltr'>non</span> <span class='ocrx_word' id='word_1_55' title='bbox 571 552 739 589; x_wconf 88' lang='lat' dir='ltr'>arbitror.</span> <span class='ocrx_word' id='word_1_56' title='bbox 794 552 920 589; x_wconf 89' lang='lat' dir='ltr'>Video</span> <span class='ocrx_word' id='word_1_57' title='bbox 940 552 1043 589; x_wconf 93' lang='lat' dir='ltr'>enim</span> <span class='ocrx_word' id='word_1_58' title='bbox 1063 551 1201 588; x_wconf 88' lang='lat' dir='ltr'>curulis</span> <span class='ocrx_word' id='word_1_59' title='bbox 1222 550 1458 599; x_wconf 82' lang='lat' dir='ltr'>magistratus</span> 
     </span>
     <span class='ocr_line' id='line_1_8' title="bbox 171 614 1458 663; baseline -0.002 -11"><span class='ocrx_word' id='word_1_60' title='bbox 171 629 259 653; x_wconf 88' lang='lat' dir='ltr'>eum</span> <span class='ocrx_word' id='word_1_61' title='bbox 292 615 467 663; x_wconf 82' lang='lat' dir='ltr'>legitimis</span> <span class='ocrx_word' id='word_1_62' title='bbox 500 615 610 652; x_wconf 90' lang='lat' dir='ltr'>annis</span> <span class='ocrx_word' id='word_1_63' title='bbox 641 614 817 663; x_wconf 83' lang='lat' dir='ltr'>perfacile</span> <span class='ocrx_word' id='word_1_64' title='bbox 849 615 1004 663; x_wconf 81' lang='lat' dir='ltr'>cepisse.</span> <span class='ocrx_word' id='word_1_65' title='bbox 1063 614 1302 651; x_wconf 87' lang='lat' dir='ltr'>Postumium</span> <span class='ocrx_word' id='word_1_66' title='bbox 1331 621 1458 650; x_wconf 89' lang='lat' dir='ltr'>autem</span> 
     </span>
     <span class='ocr_line' id='line_1_9' title="bbox 172 676 1458 716; baseline -0.002 -1"><span class='ocrx_word' id='word_1_67' title='bbox 172 678 279 716; x_wconf 91' lang='lat' dir='ltr'>cuius</span> <span class='ocrx_word' id='word_1_68' title='bbox 316 685 478 715; x_wconf 88' lang='lat' dir='ltr'>statuam</span> <span class='ocrx_word' id='word_1_69' title='bbox 517 678 554 714; x_wconf 95' lang='lat' dir='ltr'>in</span> <span class='ocrx_word' id='word_1_70' title='bbox 594 679 743 715; x_wconf 86' lang='lat' dir='ltr'>Isthmo</span> <span class='ocrx_word' id='word_1_71' title='bbox 780 678 998 715; x_wconf 86' lang='lat' dir='ltr'>meminisse</span> <span class='ocrx_word' id='word_1_72' title='bbox 1036 685 1072 715; x_wconf 90' lang='lat' dir='ltr'>te</span> <span class='ocrx_word' id='word_1_73' title='bbox 1109 678 1204 715; x_wconf 89' lang='lat' dir='ltr'>dicis</span> <span class='ocrx_word' id='word_1_74' title='bbox 1242 676 1458 714; x_wconf 78' lang='lat' dir='ltr'>nesciebam</span> 
     </span>
     <span class='ocr_line' id='line_1_10' title="bbox 172 739 1458 789; baseline -0.002 -12"><span class='ocrx_word' id='word_1_75' title='bbox 172 741 296 778; x_wconf 87' lang='lat' dir='ltr'>fuisse.</span> <span class='ocrx_word' id='word_1_76' title='bbox 356 743 393 777; x_wconf 91' lang='lat' dir='ltr'>Is</span> <span class='ocrx_word' id='word_1_77' title='bbox 422 748 549 777; x_wconf 87' lang='lat' dir='ltr'>autem</span> <span class='ocrx_word' id='word_1_78' title='bbox 579 748 635 778; x_wconf 89' lang='lat' dir='ltr'>est</span> <span class='ocrx_word' id='word_1_79' title='bbox 663 740 728 789; x_wconf 81' lang='lat' dir='ltr'>qui</span> <span class='ocrx_word' id='word_1_80' title='bbox 747 754 811 777; x_wconf 81' lang='lat' dir='ltr'>cos.</span> <span class='ocrx_word' id='word_1_81' title='bbox 840 754 927 777; x_wconf 93' lang='lat' dir='ltr'>cum</span> <span class='ocrx_word' id='word_1_82' title='bbox 949 741 996 777; x_wconf 84' lang='lat' dir='ltr'>L.</span> <span class='ocrx_word' id='word_1_83' title='bbox 1024 742 1184 777; x_wconf 92' lang='lat' dir='ltr'>Lucullo</span> <span class='ocrx_word' id='word_1_84' title='bbox 1213 739 1308 785; x_wconf 83' lang='lat' dir='ltr'>fuit;</span> <span class='ocrx_word' id='word_1_85' title='bbox 1345 752 1458 787; x_wconf 87' lang='lat' dir='ltr'>quem</span> 
     </span>
     <span class='ocr_line' id='line_1_11' title="bbox 173 803 1517 854; baseline -0.002 -14"><span class='ocrx_word' id='word_1_86' title='bbox 173 810 214 840; x_wconf 91' lang='lat' dir='ltr'>tu</span> <span class='ocrx_word' id='word_1_87' title='bbox 235 803 326 840; x_wconf 89' lang='lat' dir='ltr'>mihi</span> <span class='ocrx_word' id='word_1_88' title='bbox 345 803 526 841; x_wconf 86' lang='lat' dir='ltr'>addidisti</span> <span class='ocrx_word' id='word_1_89' title='bbox 547 817 637 841; x_wconf 87' lang='lat' dir='ltr'>sane</span> <span class='ocrx_word' id='word_1_90' title='bbox 656 805 705 841; x_wconf 89' lang='lat' dir='ltr'>ad</span> <span class='ocrx_word' id='word_1_91' title='bbox 725 804 832 840; x_wconf 89' lang='lat' dir='ltr'>illum</span> <span class='ocrx_word' id='word_1_92' title='bbox 847 805 1033 854; x_wconf 80' lang='grc' dir='ltr'>σύλλογον</span> <span class='ocrx_word' id='word_1_93' title='bbox 1047 817 1248 852; x_wconf 86' lang='lat' dir='ltr'>personam</span> <span class='ocrx_word' id='word_1_94' title='bbox 1269 803 1457 840; x_wconf 90' lang='lat' dir='ltr'>idoneam.</span> <span class='ocrx_word' id='word_1_95' title='bbox 1481 815 1517 836; x_wconf 83' lang='grc' dir='ltr'>ιο</span> 
     </span>
     <span class='ocr_line' id='line_1_12' title="bbox 173 865 1462 915; baseline 0 -13"><span class='ocrx_word' id='word_1_96' title='bbox 173 866 333 903; x_wconf 81' lang='lat' dir='ltr'>Videbis</span> <span class='ocrx_word' id='word_1_97' title='bbox 353 866 472 915; x_wconf 87' lang='lat' dir='ltr'>igitur,</span> <span class='ocrx_word' id='word_1_98' title='bbox 496 866 526 903; x_wconf 89' lang='lat' dir='ltr'>si</span> <span class='ocrx_word' id='word_1_99' title='bbox 553 866 703 914; x_wconf 87' lang='lat' dir='ltr'>poteris,</span> <span class='ocrx_word' id='word_1_100' title='bbox 725 874 881 912; x_wconf 88' lang='lat' dir='ltr'>ceteros,</span> <span class='ocrx_word' id='word_1_101' title='bbox 903 873 944 904; x_wconf 91' lang='lat' dir='ltr'>ut</span> <span class='ocrx_word' id='word_1_102' title='bbox 969 866 1159 914; x_wconf 88' lang='lat' dir='ltr'>possimus</span> <span class='ocrx_word' id='word_1_103' title='bbox 1178 869 1385 915; x_wconf 76' lang='grc' dir='ltr'>πομπεῦσαι</span> <span class='ocrx_word' id='word_1_104' title='bbox 1405 865 1462 902; x_wconf 81' lang='grc' dir='ltr'>καὶ</span> 
     </span>
    </p>
   </div>
   <div class='ocr_carea' id='block_1_3' title="bbox 173 930 480 978">
    <p class='ocr_par' dir='ltr' id='par_1_3' title="bbox 173 930 480 978">
     <span class='ocr_line' id='line_1_13' title="bbox 173 930 480 978; baseline 0 -11"><span class='ocrx_word' id='word_1_105' title='bbox 173 933 246 969; x_wconf 86' lang='grc' dir='ltr'>τοῖς</span> <span class='ocrx_word' id='word_1_106' title='bbox 263 930 480 978; x_wconf 86' lang='grc' dir='ltr'>προσώποις.</span> 
     </span>
    </p>
   </div>
   <div class='ocr_carea' id='block_1_4' title="bbox 217 1034 1240 1142">
    <p class='ocr_par' dir='ltr' id='par_1_4' title="bbox 217 1034 1240 1142">
     <span class='ocr_line' id='line_1_14' title="bbox 217 1034 1240 1076; baseline -0.002 -8"><span class='ocrx_word' id='word_1_107' title='bbox 217 1034 415 1068; x_wconf 83' lang='lat' dir='ltr'>XXXIII</span> <span class='ocrx_word' id='word_1_108' title='bbox 457 1036 523 1067; x_wconf 73' lang='lat' dir='ltr'>Ser.</span> <span class='ocrx_word' id='word_1_109' title='bbox 544 1037 576 1066; x_wconf 77' lang='lat' dir='ltr'>in</span> <span class='ocrx_word' id='word_1_110' title='bbox 599 1036 777 1066; x_wconf 73' lang='lat' dir='ltr'>Tusculano</span> <span class='ocrx_word' id='word_1_111' title='bbox 793 1037 829 1066; x_wconf 74' lang='lat' dir='ltr'>iii</span> <span class='ocrx_word' id='word_1_112' title='bbox 842 1036 924 1067; x_wconf 82' lang='lat' dir='ltr'>Non.</span> <span class='ocrx_word' id='word_1_113' title='bbox 945 1037 1017 1066; x_wconf 80' lang='lat' dir='ltr'>Iun.</span> <span class='ocrx_word' id='word_1_114' title='bbox 1039 1048 1068 1067; x_wconf 81' lang='lat' dir='ltr'>a.</span> <span class='ocrx_word' id='word_1_115' title='bbox 1088 1047 1143 1075; x_wconf 85' lang='lat'>709</span> <span class='ocrx_word' id='word_1_116' title='bbox 1162 1038 1240 1076; x_wconf 44' lang='grc' dir='ltr'>(θ’).</span> 
     </span>
     <span class='ocr_line' id='line_1_15' title="bbox 570 1111 1073 1142; baseline 0 0"><span class='ocrx_word' id='word_1_117' title='bbox 570 1112 736 1142; x_wconf 80' lang='lat' dir='ltr'><em>CICERO</em></span> <span class='ocrx_word' id='word_1_118' title='bbox 765 1111 941 1141; x_wconf 79' lang='lat' dir='ltr'><em>ATTICO</em></span> <span class='ocrx_word' id='word_1_119' title='bbox 970 1112 1073 1142; x_wconf 77' lang='lat' dir='ltr'>SAL.</span> 
     </span>
    </p>
   </div>
   <div class='ocr_carea' id='block_1_5' title="bbox 140 1181 1523 1925">
    <p class='ocr_par' dir='ltr' id='par_1_5' title="bbox 144 1181 1518 1416">
     <span class='ocr_line' id='line_1_16' title="bbox 144 1181 1518 1231; baseline -0.003 -10"><span class='ocrx_word' id='word_1_120' title='bbox 144 1195 161 1222; x_wconf 88' lang='lat'>1</span> <span class='ocrx_word' id='word_1_121' title='bbox 234 1184 268 1221; x_wconf 93' lang='lat' dir='ltr'><em>O</em></span> <span class='ocrx_word' id='word_1_122' title='bbox 299 1181 576 1231; x_wconf 85' lang='lat' dir='ltr'>neglegentiam</span> <span class='ocrx_word' id='word_1_123' title='bbox 614 1181 770 1218; x_wconf 85' lang='lat' dir='ltr'>miram!</span> <span class='ocrx_word' id='word_1_124' title='bbox 843 1183 1019 1218; x_wconf 89' lang='lat' dir='ltr'>Semelne</span> <span class='ocrx_word' id='word_1_125' title='bbox 1057 1188 1166 1230; x_wconf 86' lang='lat' dir='ltr'>putas</span> <span class='ocrx_word' id='word_1_126' title='bbox 1200 1181 1293 1219; x_wconf 81' lang='lat' dir='ltr'>mihi</span> <span class='ocrx_word' id='word_1_127' title='bbox 1324 1181 1463 1219; x_wconf 80' lang='lat' dir='ltr'>dixisse</span> <span class='ocrx_word' id='word_1_128' title='bbox 1485 1193 1518 1224; x_wconf 79' lang='lat'>¹5</span> 
     </span>
     <span class='ocr_line' id='line_1_17' title="bbox 179 1244 1463 1293; baseline -0.002 -10"><span class='ocrx_word' id='word_1_129' title='bbox 179 1247 342 1283; x_wconf 85' lang='lat' dir='ltr'>Balbum</span> <span class='ocrx_word' id='word_1_130' title='bbox 380 1253 416 1282; x_wconf 91' lang='lat' dir='ltr'>et</span> <span class='ocrx_word' id='word_1_131' title='bbox 454 1244 656 1282; x_wconf 90' lang='lat' dir='ltr'>Faberium</span> <span class='ocrx_word' id='word_1_132' title='bbox 698 1244 972 1293; x_wconf 89' lang='lat' dir='ltr'>professionem</span> <span class='ocrx_word' id='word_1_133' title='bbox 1015 1246 1202 1282; x_wconf 88' lang='lat' dir='ltr'>relatam?</span> <span class='ocrx_word' id='word_1_134' title='bbox 1247 1244 1311 1292; x_wconf 80' lang='lat' dir='ltr'>qui</span> <span class='ocrx_word' id='word_1_135' title='bbox 1350 1244 1463 1281; x_wconf 85' lang='lat' dir='ltr'>etiam</span> 
     </span>
     <span class='ocr_line' id='line_1_18' title="bbox 177 1307 1464 1356; baseline -0.002 -10"><span class='ocrx_word' id='word_1_136' title='bbox 177 1322 308 1347; x_wconf 86' lang='lat' dir='ltr'>eorum</span> <span class='ocrx_word' id='word_1_137' title='bbox 338 1308 442 1346; x_wconf 89' lang='lat' dir='ltr'>iussu</span> <span class='ocrx_word' id='word_1_138' title='bbox 475 1307 641 1345; x_wconf 88' lang='lat' dir='ltr'>miserim</span> <span class='ocrx_word' id='word_1_139' title='bbox 673 1307 737 1356; x_wconf 89' lang='lat' dir='ltr'>qui</span> <span class='ocrx_word' id='word_1_140' title='bbox 768 1309 1013 1356; x_wconf 88' lang='lat' dir='ltr'>profiteretur.</span> <span class='ocrx_word' id='word_1_141' title='bbox 1073 1310 1132 1344; x_wconf 87' lang='lat' dir='ltr'>Ita</span> <span class='ocrx_word' id='word_1_142' title='bbox 1161 1307 1262 1344; x_wconf 92' lang='lat' dir='ltr'>enim</span> <span class='ocrx_word' id='word_1_143' title='bbox 1291 1315 1464 1356; x_wconf 85' lang='lat' dir='ltr'>oportere</span> 
     </span>
     <span class='ocr_line' id='line_1_19' title="bbox 179 1369 1464 1416; baseline -0.002 -7"><span class='ocrx_word' id='word_1_144' title='bbox 179 1372 368 1410; x_wconf 83' lang='lat' dir='ltr'>dicebant.</span> <span class='ocrx_word' id='word_1_145' title='bbox 426 1372 621 1409; x_wconf 88' lang='lat' dir='ltr'>Professus</span> <span class='ocrx_word' id='word_1_146' title='bbox 645 1378 702 1408; x_wconf 84' lang='lat' dir='ltr'>est</span> <span class='ocrx_word' id='word_1_147' title='bbox 722 1370 948 1408; x_wconf 88' lang='lat' dir='ltr'>Philotimus</span> <span class='ocrx_word' id='word_1_148' title='bbox 968 1370 1133 1408; x_wconf 88' lang='lat' dir='ltr'>libertus.</span> <span class='ocrx_word' id='word_1_149' title='bbox 1193 1369 1314 1416; x_wconf 86' lang='lat' dir='ltr'>Nosti,</span> <span class='ocrx_word' id='word_1_150' title='bbox 1337 1371 1464 1416; x_wconf 82' lang='lat' dir='ltr'>credo,</span> 
     </span>
    </p>

    <p class='ocr_par' dir='ltr' id='par_1_6' title="bbox 140 1434 1523 1790">
     <span class='ocr_line' id='line_1_20' title="bbox 140 1434 1465 1483; baseline -0.002 -11"><span class='ocrx_word' id='word_1_151' title='bbox 140 1447 163 1473; x_wconf 88' lang='lat'>2</span> <span class='ocrx_word' id='word_1_152' title='bbox 181 1435 383 1473; x_wconf 90' lang='lat' dir='ltr'>librarium.</span> <span class='ocrx_word' id='word_1_153' title='bbox 441 1435 517 1472; x_wconf 89' lang='lat' dir='ltr'>Sed</span> <span class='ocrx_word' id='word_1_154' title='bbox 550 1434 690 1472; x_wconf 86' lang='lat' dir='ltr'>scribes</span> <span class='ocrx_word' id='word_1_155' title='bbox 720 1441 756 1471; x_wconf 93' lang='lat' dir='ltr'>et</span> <span class='ocrx_word' id='word_1_156' title='bbox 785 1434 941 1483; x_wconf 90' lang='lat' dir='ltr'>quidem</span> <span class='ocrx_word' id='word_1_157' title='bbox 971 1436 1198 1471; x_wconf 87' lang='lat' dir='ltr'>confectum.</span> <span class='ocrx_word' id='word_1_158' title='bbox 1257 1435 1318 1471; x_wconf 86' lang='lat' dir='ltr'>Ad</span> <span class='ocrx_word' id='word_1_159' title='bbox 1349 1434 1465 1470; x_wconf 88' lang='lat' dir='ltr'>Fabe-</span> 
     </span>
     <span class='ocr_line' id='line_1_21' title="bbox 181 1497 1523 1546; baseline -0.001 -11"><span class='ocrx_word' id='word_1_160' title='bbox 181 1499 287 1543; x_wconf 88' lang='lat' dir='ltr'>rium,</span> <span class='ocrx_word' id='word_1_161' title='bbox 310 1505 350 1535; x_wconf 90' lang='lat' dir='ltr'>ut</span> <span class='ocrx_word' id='word_1_162' title='bbox 370 1497 439 1535; x_wconf 89' lang='lat' dir='ltr'>tibi</span> <span class='ocrx_word' id='word_1_163' title='bbox 464 1499 599 1546; x_wconf 90' lang='lat' dir='ltr'>placet,</span> <span class='ocrx_word' id='word_1_164' title='bbox 622 1497 761 1534; x_wconf 86' lang='lat' dir='ltr'>litteras</span> <span class='ocrx_word' id='word_1_165' title='bbox 791 1497 884 1543; x_wconf 84' lang='lat' dir='ltr'>misi,</span> <span class='ocrx_word' id='word_1_166' title='bbox 908 1511 995 1534; x_wconf 94' lang='lat' dir='ltr'>cum</span> <span class='ocrx_word' id='word_1_167' title='bbox 1017 1498 1138 1534; x_wconf 88' lang='lat' dir='ltr'>Balbo</span> <span class='ocrx_word' id='word_1_168' title='bbox 1158 1504 1285 1534; x_wconf 87' lang='lat' dir='ltr'>autem</span> <span class='ocrx_word' id='word_1_169' title='bbox 1311 1504 1404 1545; x_wconf 89' lang='lat' dir='ltr'>puto</span> <span class='ocrx_word' id='word_1_170' title='bbox 1428 1503 1464 1533; x_wconf 87' lang='lat' dir='ltr'>te</span> <span class='ocrx_word' id='word_1_171' title='bbox 1485 1509 1523 1529; x_wconf 89' lang='lat'>20</span> 
     </span>
     <span class='ocr_line' id='line_1_22' title="bbox 177 1560 1466 1610; baseline -0.002 -11"><span class='ocrx_word' id='word_1_172' title='bbox 177 1561 321 1610; x_wconf 87' lang='lat' dir='ltr'>aliquid</span> <span class='ocrx_word' id='word_1_173' title='bbox 350 1562 484 1598; x_wconf 88' lang='lat' dir='ltr'>fecisse</span> <span class='ocrx_word' id='word_1_174' title='bbox 512 1563 588 1599; x_wconf 85' lang='lat' dir='ltr'>†H.</span> <span class='ocrx_word' id='word_1_175' title='bbox 619 1560 657 1597; x_wconf 92' lang='lat' dir='ltr'>in</span> <span class='ocrx_word' id='word_1_176' title='bbox 689 1560 913 1608; x_wconf 82' lang='lat' dir='ltr'>Capitolio†.</span> <span class='ocrx_word' id='word_1_177' title='bbox 972 1563 1018 1598; x_wconf 91' lang='lat' dir='ltr'>In</span> <span class='ocrx_word' id='word_1_178' title='bbox 1047 1561 1213 1610; x_wconf 88' lang='lat' dir='ltr'>Vergilio</span> <span class='ocrx_word' id='word_1_179' title='bbox 1242 1560 1335 1597; x_wconf 90' lang='lat' dir='ltr'>mihi</span> <span class='ocrx_word' id='word_1_180' title='bbox 1363 1561 1466 1597; x_wconf 86' lang='lat' dir='ltr'>nulla</span> 
     </span>
     <span class='ocr_line' id='line_1_23' title="bbox 178 1623 1466 1670; baseline -0.002 -7"><span class='ocrx_word' id='word_1_181' title='bbox 178 1633 235 1663; x_wconf 89' lang='lat' dir='ltr'>est</span> <span class='ocrx_word' id='word_1_182' title='bbox 254 1626 424 1663; x_wconf 82' lang='grc' dir='ltr'>δυσωπία.</span> <span class='ocrx_word' id='word_1_183' title='bbox 483 1626 565 1662; x_wconf 89' lang='lat' dir='ltr'>Nec</span> <span class='ocrx_word' id='word_1_184' title='bbox 586 1624 687 1662; x_wconf 88' lang='lat' dir='ltr'>enim</span> <span class='ocrx_word' id='word_1_185' title='bbox 708 1624 788 1662; x_wconf 91' lang='lat' dir='ltr'>eius</span> <span class='ocrx_word' id='word_1_186' title='bbox 815 1638 929 1662; x_wconf 88' lang='lat' dir='ltr'>causa</span> <span class='ocrx_word' id='word_1_187' title='bbox 948 1638 1038 1662; x_wconf 89' lang='lat' dir='ltr'>sane</span> <span class='ocrx_word' id='word_1_188' title='bbox 1058 1625 1183 1663; x_wconf 89' lang='lat' dir='ltr'>debeo</span> <span class='ocrx_word' id='word_1_189' title='bbox 1203 1632 1249 1670; x_wconf 87' lang='lat' dir='ltr'>et,</span> <span class='ocrx_word' id='word_1_190' title='bbox 1272 1623 1301 1661; x_wconf 91' lang='lat' dir='ltr'>si</span> <span class='ocrx_word' id='word_1_191' title='bbox 1326 1637 1466 1669; x_wconf 86' lang='lat' dir='ltr'>emero,</span> 
     </span>
     <span class='ocr_line' id='line_1_24' title="bbox 178 1686 1467 1738; baseline -0.002 -13"><span class='ocrx_word' id='word_1_192' title='bbox 178 1689 271 1738; x_wconf 87' lang='lat' dir='ltr'>quid</span> <span class='ocrx_word' id='word_1_193' title='bbox 291 1688 359 1726; x_wconf 90' lang='lat' dir='ltr'>erit</span> <span class='ocrx_word' id='word_1_194' title='bbox 379 1689 483 1737; x_wconf 88' lang='lat' dir='ltr'>quod</span> <span class='ocrx_word' id='word_1_195' title='bbox 504 1689 700 1736; x_wconf 88' lang='lat' dir='ltr'>postulet?</span> <span class='ocrx_word' id='word_1_196' title='bbox 746 1689 821 1726; x_wconf 86' lang='lat' dir='ltr'>Sed</span> <span class='ocrx_word' id='word_1_197' title='bbox 834 1688 981 1726; x_wconf 87' lang='lat' dir='ltr'>videbis</span> <span class='ocrx_word' id='word_1_198' title='bbox 1001 1702 1048 1725; x_wconf 91' lang='lat' dir='ltr'>ne</span> <span class='ocrx_word' id='word_1_199' title='bbox 1068 1688 1098 1725; x_wconf 91' lang='lat' dir='ltr'>is</span> <span class='ocrx_word' id='word_1_200' title='bbox 1119 1695 1199 1725; x_wconf 88' lang='lat' dir='ltr'>tum</span> <span class='ocrx_word' id='word_1_201' title='bbox 1220 1687 1266 1725; x_wconf 90' lang='lat' dir='ltr'>sit</span> <span class='ocrx_word' id='word_1_202' title='bbox 1286 1687 1324 1724; x_wconf 90' lang='lat' dir='ltr'>in</span> <span class='ocrx_word' id='word_1_203' title='bbox 1340 1686 1467 1723; x_wconf 89' lang='lat' dir='ltr'>Africa</span> 
     </span>
     <span class='ocr_line' id='line_1_25' title="bbox 179 1751 402 1790; baseline -0.009 -1"><span class='ocrx_word' id='word_1_204' title='bbox 179 1759 220 1789; x_wconf 92' lang='lat' dir='ltr'>ut</span> <span class='ocrx_word' id='word_1_205' title='bbox 241 1751 402 1790; x_wconf 82' lang='lat' dir='ltr'>Caelius.</span> 
     </span>
    </p>

    <p class='ocr_par' dir='ltr' id='par_1_7' title="bbox 180 1814 1523 1925">
     <span class='ocr_line' id='line_1_26' title="bbox 234 1814 1523 1863; baseline -0.002 -11"><span class='ocrx_word' id='word_1_206' title='bbox 234 1818 292 1852; x_wconf 74' lang='lat' dir='ltr'>Dc</span> <span class='ocrx_word' id='word_1_207' title='bbox 322 1815 476 1852; x_wconf 86' lang='lat' dir='ltr'>nomine</span> <span class='ocrx_word' id='word_1_208' title='bbox 507 1822 545 1851; x_wconf 87' lang='lat' dir='ltr'>tu</span> <span class='ocrx_word' id='word_1_209' title='bbox 575 1814 838 1852; x_wconf 79' lang='lat' dir='ltr'>videbis&#39;cum</span> <span class='ocrx_word' id='word_1_210' title='bbox 870 1815 1024 1863; x_wconf 80' lang='lat' dir='ltr'>Cispi03</span> <span class='ocrx_word' id='word_1_211' title='bbox 1063 1816 1130 1852; x_wconf 89' lang='lat' dir='ltr'>sed</span> <span class='ocrx_word' id='word_1_212' title='bbox 1160 1814 1188 1851; x_wconf 90' lang='lat' dir='ltr'>si</span> <span class='ocrx_word' id='word_1_213' title='bbox 1215 1816 1376 1850; x_wconf 86' lang='lat' dir='ltr'>Plancus</span> <span class='ocrx_word' id='word_1_214' title='bbox 1405 1814 1467 1850; x_wconf 80' lang='lat' dir='ltr'>de-</span> <span class='ocrx_word' id='word_1_215' title='bbox 1489 1825 1523 1855; x_wconf 69' lang='lat'>25</span> 
     </span>
     <span class='ocr_line' id='line_1_27' title="bbox 180 1876 1467 1925; baseline -0.002 -9"><span class='ocrx_word' id='word_1_216' title='bbox 180 1879 303 1924; x_wconf 84' lang='lat' dir='ltr'>stinat‚</span> <span class='ocrx_word' id='word_1_217' title='bbox 343 1886 422 1925; x_wconf 86' lang='lat' dir='ltr'>tum</span> <span class='ocrx_word' id='word_1_218' title='bbox 465 1879 580 1915; x_wconf 81' lang='lat' dir='ltr'>habet</span> <span class='ocrx_word' id='word_1_219' title='bbox 623 1892 680 1915; x_wconf 76' lang='lat' dir='ltr'>res</span> <span class='ocrx_word' id='word_1_220' title='bbox 724 1878 995 1915; x_wconf 82' lang='lat' dir='ltr'>difficultatem.</span> <span class='ocrx_word' id='word_1_221' title='bbox 1063 1880 1120 1916; x_wconf 93' lang='lat' dir='ltr'>Te</span> <span class='ocrx_word' id='word_1_222' title='bbox 1157 1879 1205 1915; x_wconf 87' lang='lat' dir='ltr'>ad</span> <span class='ocrx_word' id='word_1_223' title='bbox 1245 1891 1304 1914; x_wconf 79' lang='lat' dir='ltr'>me</span> <span class='ocrx_word' id='word_1_224' title='bbox 1342 1876 1467 1914; x_wconf 83' lang='lat' dir='ltr'>venire</span> 
     </span>
    </p>
   </div>
   <div class='ocr_carea' id='block_1_6' title="bbox 178 1979 1470 2355">
    <p class='ocr_par' dir='ltr' id='par_1_8' title="bbox 178 1979 1470 2355">
     <span class='ocr_line' id='line_1_28' title="bbox 228 1979 1467 2018; baseline -0.002 -9"><span class='ocrx_word' id='word_1_225' title='bbox 228 1990 239 2009; x_wconf 93' lang='lat'>1</span> <span class='ocrx_word' id='word_1_226' title='bbox 268 1980 458 2009; x_wconf 84' lang='lat' dir='ltr'>intellexisti</span> <span class='ocrx_word' id='word_1_227' title='bbox 479 1980 586 2018; x_wconf 63' lang='lat' dir='ltr'>vulg:</span> <span class='ocrx_word' id='word_1_228' title='bbox 614 1980 760 2009; x_wconf 79' lang='lat' dir='ltr'>intellexi</span> <span class='ocrx_word' id='word_1_229' title='bbox 787 1980 842 2008; x_wconf 89' lang='lat' dir='ltr'>M:</span> <span class='ocrx_word' id='word_1_230' title='bbox 870 1980 1030 2009; x_wconf 70' lang='lat' dir='ltr'>intellexti</span> <span class='ocrx_word' id='word_1_231' title='bbox 1055 1979 1136 2008; x_wconf 75' lang='lat' dir='ltr'>Pius</span> <span class='ocrx_word' id='word_1_232' title='bbox 1291 1990 1308 2016; x_wconf 83' lang='lat'><strong>4</strong></span> <span class='ocrx_word' id='word_1_233' title='bbox 1336 1979 1467 2016; x_wconf 80' lang='lat' dir='ltr'>Rupilio</span> 
     </span>
     <span class='ocr_line' id='line_1_29' title="bbox 183 2021 1467 2060; baseline -0.002 -8"><span class='ocrx_word' id='word_1_234' title='bbox 183 2033 264 2052; x_wconf 88' lang='lat' dir='ltr'>coss.</span> <span class='ocrx_word' id='word_1_235' title='bbox 298 2022 406 2051; x_wconf 81' lang='lat' dir='ltr'>Annis</span> <span class='ocrx_word' id='word_1_236' title='bbox 432 2022 553 2051; x_wconf 63' lang='lat' dir='ltr'>Romu:</span> <span class='ocrx_word' id='word_1_237' title='bbox 590 2022 748 2060; x_wconf 84' lang='lat' dir='ltr'>Rupilian</span> <span class='ocrx_word' id='word_1_238' title='bbox 780 2022 819 2050; x_wconf 91' lang='lat' dir='ltr'><em>M</em></span> <span class='ocrx_word' id='word_1_239' title='bbox 958 2032 976 2060; x_wconf 87' lang='lat'><strong>5</strong></span> <span class='ocrx_word' id='word_1_240' title='bbox 1001 2021 1177 2060; x_wconf 67' lang='lat' dir='ltr'>potuisset]</span> <span class='ocrx_word' id='word_1_241' title='bbox 1210 2031 1274 2050; x_wconf 85' lang='lat' dir='ltr'>non</span> <span class='ocrx_word' id='word_1_242' title='bbox 1306 2021 1467 2059; x_wconf 86' lang='lat' dir='ltr'>potuisset</span> 
     </span>
     <span class='ocr_line' id='line_1_30' title="bbox 186 2063 1466 2103; baseline -0.001 -10"><span class='ocrx_word' id='word_1_243' title='bbox 186 2064 340 2093; x_wconf 66' lang='lat' dir='ltr'>Vaesiuus:</span> <span class='ocrx_word' id='word_1_244' title='bbox 366 2075 431 2094; x_wconf 89' lang='lat' dir='ltr'>non</span> <span class='ocrx_word' id='word_1_245' title='bbox 457 2064 561 2102; x_wconf 86' lang='lat' dir='ltr'>potuit</span> <span class='ocrx_word' id='word_1_246' title='bbox 591 2064 773 2103; x_wconf 75' lang='lat' dir='ltr'>chsenberg</span> <span class='ocrx_word' id='word_1_247' title='bbox 944 2064 1010 2103; x_wconf 88' lang='lat' dir='ltr'>est]</span> <span class='ocrx_word' id='word_1_248' title='bbox 1037 2068 1126 2094; x_wconf 86' lang='lat' dir='ltr'>esset</span> <span class='ocrx_word' id='word_1_249' title='bbox 1152 2063 1271 2093; x_wconf 72' lang='lat' dir='ltr'>Mz&#39;iller</span> <span class='ocrx_word' id='word_1_250' title='bbox 1284 2064 1357 2101; x_wconf 76' lang='lat' dir='ltr'>(qui</span> <span class='ocrx_word' id='word_1_251' title='bbox 1377 2064 1466 2092; x_wconf 77' lang='lat' dir='ltr'>inter-</span> 
     </span>
     <span class='ocr_line' id='line_1_31' title="bbox 178 2105 1467 2146; baseline -0.002 -10"><span class='ocrx_word' id='word_1_252' title='bbox 178 2107 295 2146; x_wconf 75' lang='lat' dir='ltr'>pungt&#39;t</span> <span class='ocrx_word' id='word_1_253' title='bbox 317 2108 486 2145; x_wconf 78' lang='lat' dir='ltr'>potuisset⁷</span> <span class='ocrx_word' id='word_1_254' title='bbox 507 2107 568 2136; x_wconf 90' lang='lat' dir='ltr'>nisi</span> <span class='ocrx_word' id='word_1_255' title='bbox 592 2130 598 2136; x_wconf 91' lang='lat'>.</span> <span class='ocrx_word' id='word_1_256' title='bbox 619 2130 625 2136; x_wconf 92' lang='lat'>.</span> <span class='ocrx_word' id='word_1_257' title='bbox 645 2130 651 2136; x_wconf 91' lang='lat'>.</span> <span class='ocrx_word' id='word_1_258' title='bbox 673 2111 762 2136; x_wconf 87' lang='lat' dir='ltr'>esset</span> <span class='ocrx_word' id='word_1_259' title='bbox 787 2106 930 2143; x_wconf 57' lang='lat' dir='ltr'>sactusl)</span> <span class='ocrx_word' id='word_1_260' title='bbox 1059 2107 1078 2135; x_wconf 89' lang='lat'>8</span> <span class='ocrx_word' id='word_1_261' title='bbox 1102 2107 1288 2136; x_wconf 80' lang='lat' dir='ltr'>nesciebam</span> <span class='ocrx_word' id='word_1_262' title='bbox 1306 2105 1467 2134; x_wconf 72' lang='lat' dir='ltr'>Muretus:</span> 
     </span>
     <span class='ocr_line' id='line_1_32' title="bbox 182 2147 1466 2187; baseline -0.002 -8"><span class='ocrx_word' id='word_1_263' title='bbox 182 2149 324 2179; x_wconf 87' lang='lat' dir='ltr'>sciebam</span> <span class='ocrx_word' id='word_1_264' title='bbox 349 2149 388 2177; x_wconf 93' lang='lat' dir='ltr'><em>M</em></span> <span class='ocrx_word' id='word_1_265' title='bbox 570 2160 590 2187; x_wconf 86' lang='lat'>9</span> <span class='ocrx_word' id='word_1_266' title='bbox 613 2159 676 2179; x_wconf 89' lang='lat' dir='ltr'>cos.</span> <span class='ocrx_word' id='word_1_267' title='bbox 702 2152 729 2178; x_wconf 82' lang='lat' dir='ltr'>el</span> <span class='ocrx_word' id='word_1_268' title='bbox 753 2149 788 2178; x_wconf 79' lang='grc' dir='ltr'>Ι..</span> <span class='ocrx_word' id='word_1_269' title='bbox 814 2148 887 2178; x_wconf 82' lang='lat' dir='ltr'>add.</span> <span class='ocrx_word' id='word_1_270' title='bbox 919 2148 1100 2187; x_wconf 67' lang='lat' dir='ltr'>[Wesenberg</span> <span class='ocrx_word' id='word_1_271' title='bbox 1278 2158 1313 2185; x_wconf 86' lang='lat'>15</span> <span class='ocrx_word' id='word_1_272' title='bbox 1339 2148 1367 2177; x_wconf 95' lang='lat' dir='ltr'>O</span> <span class='ocrx_word' id='word_1_273' title='bbox 1392 2147 1466 2177; x_wconf 81' lang='lat' dir='ltr'>add.</span> 
     </span>
     <span class='ocr_line' id='line_1_33' title="bbox 185 2190 1467 2229; baseline -0.002 -9"><span class='ocrx_word' id='word_1_274' title='bbox 185 2191 303 2220; x_wconf 79' lang='lat' dir='ltr'>Mz&#39;iller</span> <span class='ocrx_word' id='word_1_275' title='bbox 492 2202 529 2229; x_wconf 89' lang='lat'>19</span> <span class='ocrx_word' id='word_1_276' title='bbox 554 2192 726 2221; x_wconf 85' lang='lat' dir='ltr'>confestim</span> <span class='ocrx_word' id='word_1_277' title='bbox 750 2190 867 2220; x_wconf 75' lang='lat' dir='ltr'>Bosz&#39;us</span> <span class='ocrx_word' id='word_1_278' title='bbox 1060 2200 1096 2219; x_wconf 83' lang='lat'>21</span> <span class='ocrx_word' id='word_1_279' title='bbox 1124 2190 1222 2219; x_wconf 90' lang='lat' dir='ltr'>hodie</span> <span class='ocrx_word' id='word_1_280' title='bbox 1247 2190 1279 2219; x_wconf 90' lang='lat' dir='ltr'>in</span> <span class='ocrx_word' id='word_1_281' title='bbox 1305 2190 1467 2228; x_wconf 81' lang='lat' dir='ltr'>Capitolio</span> 
     </span>
     <span class='ocr_line' id='line_1_34' title="bbox 185 2232 1470 2272; baseline -0.002 -9"><span class='ocrx_word' id='word_1_282' title='bbox 185 2233 321 2263; x_wconf 71' lang='lat' dir='ltr'>Rosius:</span> <span class='ocrx_word' id='word_1_283' title='bbox 360 2233 449 2263; x_wconf 91' lang='lat' dir='ltr'>Hinc</span> <span class='ocrx_word' id='word_1_284' title='bbox 480 2233 593 2272; x_wconf 88' lang='lat' dir='ltr'>incipit</span> <span class='ocrx_word' id='word_1_285' title='bbox 624 2233 687 2263; x_wconf 86' lang='lat' dir='ltr'>alia</span> <span class='ocrx_word' id='word_1_286' title='bbox 718 2233 751 2271; x_wconf 83' lang='lat' dir='ltr'>(i.</span> <span class='ocrx_word' id='word_1_287' title='bbox 764 2243 786 2262; x_wconf 80' lang='grc' dir='ltr'>ι’.</span> <span class='ocrx_word' id='word_1_288' title='bbox 821 2233 967 2271; x_wconf 48' lang='lat' dir='ltr'>epistula)</span> <span class='ocrx_word' id='word_1_289' title='bbox 995 2233 1157 2271; x_wconf 80' lang='lat' dir='ltr'>glossema</span> <span class='ocrx_word' id='word_1_290' title='bbox 1186 2243 1249 2262; x_wconf 82' lang='lat' dir='ltr'>esse</span> <span class='ocrx_word' id='word_1_291' title='bbox 1278 2233 1354 2262; x_wconf 84' lang='lat' dir='ltr'>coni.</span> <span class='ocrx_word' id='word_1_292' title='bbox 1388 2232 1470 2261; x_wconf 84' lang='lat' dir='ltr'><em>Boot</em></span> 
     </span>
     <span class='ocr_line' id='line_1_35' title="bbox 184 2274 1468 2314; baseline -0.002 -9"><span class='ocrx_word' id='word_1_293' title='bbox 184 2276 342 2313; x_wconf 83' lang='lat' dir='ltr'>Verginio</span> <span class='ocrx_word' id='word_1_294' title='bbox 360 2275 443 2305; x_wconf 75' lang='lat' dir='ltr'><em>Reid</em></span> <span class='ocrx_word' id='word_1_295' title='bbox 456 2276 521 2307; x_wconf 81' lang='lat' dir='ltr'>coll.</span> <span class='ocrx_word' id='word_1_296' title='bbox 542 2276 597 2306; x_wconf 88' lang='lat' dir='ltr'>xii.</span> <span class='ocrx_word' id='word_1_297' title='bbox 615 2285 633 2314; x_wconf 87' lang='lat'><strong>5</strong></span> <span class='ocrx_word' id='word_1_298' title='bbox 647 2287 664 2305; x_wconf 89' lang='lat' dir='ltr'>a</span> <span class='ocrx_word' id='word_1_299' title='bbox 810 2285 849 2312; x_wconf 86' lang='lat'>23</span> <span class='ocrx_word' id='word_1_300' title='bbox 873 2279 939 2304; x_wconf 87' lang='lat' dir='ltr'>tum</span> <span class='ocrx_word' id='word_1_301' title='bbox 958 2274 1089 2312; x_wconf 78' lang='lat' dir='ltr'>Tyrrell:</span> <span class='ocrx_word' id='word_1_302' title='bbox 1114 2284 1187 2304; x_wconf 89' lang='lat' dir='ltr'>cum</span> <span class='ocrx_word' id='word_1_303' title='bbox 1204 2274 1288 2304; x_wconf 84' lang='lat' dir='ltr'>codd.</span> <span class='ocrx_word' id='word_1_304' title='bbox 1308 2285 1314 2303; x_wconf 91' lang='lat'>:</span> <span class='ocrx_word' id='word_1_305' title='bbox 1339 2284 1468 2312; x_wconf 87' lang='lat' dir='ltr'>quoquc</span> 
     </span>
     <span class='ocr_line' id='line_1_36' title="bbox 184 2315 1468 2355; baseline -0.002 -8"><span class='ocrx_word' id='word_1_306' title='bbox 184 2319 258 2348; x_wconf 82' lang='lat' dir='ltr'>coni.</span> <span class='ocrx_word' id='word_1_307' title='bbox 282 2318 380 2347; x_wconf 71' lang='lat' dir='ltr'>Orelli</span> <span class='ocrx_word' id='word_1_308' title='bbox 557 2328 608 2355; x_wconf 76' lang='lat'>25,</span> <span class='ocrx_word' id='word_1_309' title='bbox 626 2319 667 2347; x_wconf 85' lang='lat'>26</span> <span class='ocrx_word' id='word_1_310' title='bbox 690 2318 845 2354; x_wconf 78' lang='lat' dir='ltr'>destinat,</span> <span class='ocrx_word' id='word_1_311' title='bbox 860 2321 927 2346; x_wconf 87' lang='lat' dir='ltr'>tum</span> <span class='ocrx_word' id='word_1_312' title='bbox 943 2317 1054 2346; x_wconf 80' lang='lat' dir='ltr'>codices</span> <span class='ocrx_word' id='word_1_313' title='bbox 1072 2317 1167 2346; x_wconf 83' lang='lat' dir='ltr'>Bosi:</span> <span class='ocrx_word' id='word_1_314' title='bbox 1192 2315 1392 2346; x_wconf 86' lang='lat' dir='ltr'>destinatum</span> <span class='ocrx_word' id='word_1_315' title='bbox 1411 2315 1468 2344; x_wconf 88' lang='lat' dir='ltr'>M:</span> 
     </span>
    </p>
   </div>
   <div class='ocr_carea' id='block_1_7' title="bbox 187 2357 1439 2399">
    <p class='ocr_par' dir='ltr' id='par_1_9' title="bbox 187 2357 1439 2399">
     <span class='ocr_line' id='line_1_37' title="bbox 187 2357 1439 2399; baseline -0.003 -9"><span class='ocrx_word' id='word_1_316' title='bbox 187 2361 385 2391; x_wconf 78' lang='lat' dir='ltr'>destinatum</span> <span class='ocrx_word' id='word_1_317' title='bbox 402 2360 501 2390; x_wconf 78' lang='lat' dir='ltr'>habet</span> <span class='ocrx_word' id='word_1_318' title='bbox 517 2360 703 2399; x_wconf 76' lang='lat' dir='ltr'>Malaspina</span> <span class='ocrx_word' id='word_1_319' title='bbox 819 2360 859 2388; x_wconf 81' lang='lat'>26</span> <span class='ocrx_word' id='word_1_320' title='bbox 883 2360 981 2388; x_wconf 82' lang='lat' dir='ltr'>habet</span> <span class='ocrx_word' id='word_1_321' title='bbox 998 2369 1050 2389; x_wconf 89' lang='lat' dir='ltr'>res</span> <span class='ocrx_word' id='word_1_322' title='bbox 1067 2358 1144 2389; x_wconf 80' lang='lat' dir='ltr'>Ant.</span> <span class='ocrx_word' id='word_1_323' title='bbox 1161 2357 1199 2389; x_wconf 81' lang='lat' dir='ltr'>Zl</span> <span class='ocrx_word' id='word_1_324' title='bbox 1214 2369 1220 2388; x_wconf 89' lang='lat'>:</span> <span class='ocrx_word' id='word_1_325' title='bbox 1244 2358 1382 2388; x_wconf 83' lang='lat' dir='ltr'>haberes</span> <span class='ocrx_word' id='word_1_326' title='bbox 1399 2357 1439 2386; x_wconf 92' lang='lat' dir='ltr'><em>M</em></span> 
     </span>
    </p>
   </div>
  </div>
 </body>
</html>
