1590 2730
98 189 166 226 IX.
189 188 247 225 vii
545 189 597 224 M.
629 188 791 224 TVLLI
825 188 1121 226 CICERONIS

152 305 176 332 2
247 295 308 334 Sic
337 308 425 345 ergo
451 295 602 341 habeto,
631 294 801 332 salutaris
825 301 862 332 te
888 294 980 332 mihi
1009 294 1150 333 litteras
1178 294 1322 334 misisse
1348 308 1475 345 neque

192 360 315 395 solum
332 360 399 396 has
413 358 600 407 longiores
617 358 756 406 quibus
776 357 871 394 nihil
885 365 1011 406 potest
1031 371 1112 395 esse
1132 358 1362 407 explicatius,
1380 359 1475 396 nihil

191 421 402 470 perfectius
439 421 505 457 sed
536 421 648 457 etiam
683 420 763 457 illas
801 419 990 457 breviores
1029 420 1066 457 in
1100 420 1238 469 quibus
1272 422 1345 458 hoc
1382 421 1475 458 mihi.

190 483 505 521 iucundissimum
536 483 614 528 fuit,
638 483 838 520 consilium
869 484 1089 532 factumque
1115 491 1285 521 nostrum
1314 497 1335 521 a
1362 486 1475 522 Sexto

189 546 350 595 probari,
391 553 682 595 pergratumque
721 545 812 582 mihi
851 553 891 582 tu
931 575 938 582 .
983 575 990 582 .
1035 575 1042 582 .
1082 546 1225 591 fecisti;
1266 559 1288 583 a
1325 560 1401 595 quo
1438 554 1508 592 ct:

189 609 294 658 diligi
324 623 384 646 me
413 616 449 646 et
479 608 572 657 quid
603 616 746 646 rectum
776 608 822 645 sit
854 607 1020 657 intellegi
1044 608 1134 646 scio.
1194 609 1359 658 Longior
1386 623 1475 648 vero

190 680 255 710 tua
292 673 453 721 epistula
483 685 561 709 non
595 685 656 709 me
690 674 812 709 solum
848 673 915 710 sed
947 685 1053 710 meos
1085 672 1208 710 omnis
1242 673 1475 722 aegritudine

191 736 337 773 levavit.
396 737 531 783 Itaque
551 742 633 772 utar
653 743 719 772 tuo
739 735 899 772 consilio
914 742 951 772 et
971 748 1035 772 ero
1055 735 1093 772 in
1115 735 1328 782 Formiano,
1344 750 1392 774 ne
1411 744 1476 775 aut

190 800 239 837 ad
255 799 388 837 urbem
410 800 608 847 ἀπάντησις
628 811 712 835 mea
734 798 1055 836 animadvertatur
1077 806 1150 844 aut,
1174 799 1203 836 si
1224 813 1295 837 nec
1322 800 1384 837 hic
1404 813 1475 838 nec

149 873 172 909 3
191 862 267 899 illic
296 875 383 899 eum
413 862 552 907 videro,
579 861 788 899 devitatum
818 875 857 899 se
885 875 907 898 a
935 875 997 898 me
1025 870 1142 910 putet.
1201 863 1319 909 Quod
1347 870 1474 901 autem

191 925 328 962 suades
358 932 398 962 ut
417 925 466 962 ab
492 937 539 962 eo
559 931 685 973 petam
715 931 756 961 ut
785 924 877 961 mihi
907 925 1094 962 concedat
1121 931 1161 962 ut
1189 924 1291 962 idem
1312 925 1475 964 tribuam

192 987 379 1036 Pompeio
415 989 520 1036 quod
555 987 625 1036 ipsi
659 986 864 1033 tribuerim,
898 987 937 1025 id
975 1000 1036 1024 me
1074 987 1147 1024 iam
1186 987 1332 1036 pridem
1367 1002 1477 1037 agere

192 1051 387 1099 intelleges
417 1064 462 1088 ex
495 1050 626 1087 litteris
658 1049 767 1086 Balbi
801 1056 838 1087 et
869 1049 971 1099 Oppi
1006 1063 1166 1098 quarum
1198 1053 1371 1100 exempla
1408 1051 1476 1089 tibi

193 1114 288 1152 misi.
348 1113 437 1151 Misi
458 1114 570 1151 etiam
593 1113 765 1152 Caesaris
785 1114 834 1151 ad
855 1126 920 1151 eos
950 1126 1041 1150 sana
1061 1120 1188 1151 mente
1214 1114 1370 1163 scriptas
1399 1127 1476 1164 quo

193 1179 311 1215 modo
331 1177 369 1214 in
390 1185 494 1214 tanta
514 1177 669 1214 insania.
728 1177 793 1214 Sin
815 1176 907 1213 mihi
925 1178 1063 1215 Caesar
1084 1178 1156 1214 hoc
1178 1190 1255 1214 non
1277 1179 1474 1224 concedat,

192 1241 305 1279 video
335 1241 404 1279 tibi
435 1243 582 1290 placere
616 1240 722 1287 illud,
748 1228 809 1277 me
839 1241 1037 1289 πολίτευμα
1067 1241 1115 1277 de
1142 1254 1234 1288 pace
1264 1240 1477 1290 suscipere3

194 1305 233 1342 in
253 1318 331 1354 quo
346 1318 424 1342 non
445 1304 651 1342 extimesco
670 1303 880 1353 periculum
894 1303 998 1354 (cuni
1020 1303 1121 1341 enim
1143 1310 1197 1341 tot
1218 1303 1475 1353 impendeant,

194 1382 260 1406 cur
303 1381 380 1405 non
424 1367 693 1405 honestissimo
737 1367 927 1416 depecisci
965 1367 1075 1405 velim
1090 1367 1122 1416 ?)
1160 1368 1227 1405 sed
1265 1380 1394 1405 vereor
1430 1381 1479 1405 ne

196 1431 380 1480 Pompeio
400 1431 493 1480 quid
513 1430 637 1468 oneris
658 1430 864 1478 imponam,

381 1511 431 1559 μή
459 1527 520 1559 μοι
546 1510 714 1561 γοργείην
742 1511 905 1558 κεφαλὴν
933 1510 1059 1548 δεινοῖο
1086 1511 1248 1559 πελώρου

195 1590 419 1638 intorqueat.
492 1589 712 1627 Mirandum
751 1589 853 1627 enim
891 1590 928 1627 in
967 1591 1125 1628 modum
1165 1592 1319 1629 Gnaeus
1353 1597 1480 1628 noster

196 1652 339 1691 Sullani
372 1652 475 1701 regni
510 1652 797 1690 similitudinem
830 1654 1057 1703 concupivit.
1134 1655 1246 1694 Εἰδώς
1276 1672 1337 1692 σοι
1372 1656 1477 1705 λέγω.

198 1716 302 1754 Nihil
341 1716 402 1754 ille
440 1729 623 1765 umquam
661 1716 786 1753 minus
825 1718 986 1754 obscure
1024 1717 1118 1754 tulit.
1197 1719 1317 1756 ‘Cum
1356 1719 1480 1756 hocne

197 1779 327 1828 igitur'
347 1779 495 1828 inquies
519 1783 621 1817 ‘esse
640 1779 744 1816 vis?’
802 1780 1035 1817 Beneficium
1066 1793 1213 1829 sequor,
1236 1780 1329 1817 mihi
1356 1781 1478 1826 crede,

197 1855 275 1879 non
296 1855 460 1889 causam,
483 1850 522 1880 ut
543 1842 580 1879 in
603 1843 760 1889 Milone,
779 1850 819 1880 ut
839 1843 876 1879 in
898 1873 904 1879 .
929 1873 935 1879 .
954 1874 961 1880 .
985 1845 1059 1881 Sed
1080 1845 1273 1880 hactenus.
1335 1844 1482 1882 ‘Causa
1522 1856 1536 1886 ,-

153 1916 178 1952 4
198 1906 308 1955 igitur
328 1919 405 1944 non
422 1907 524 1944 bona
544 1917 599 1944 est
613 1909 647 1943 ,Ὺ
704 1908 831 1944 Immo
852 1907 1006 1955 optima,
1025 1909 1091 1945 sed
1112 1915 1251 1956 agetur,
1276 1916 1479 1954 mement0‚

199 1970 428 2008 foedissime.
504 1971 672 2007 Primum
711 1971 912 2008 consilium
953 1978 1009 2008 est
1047 1973 1230 2009 suffocare
1272 1972 1404 2008 urbem
1446 1978 1482 2008 et

202 2035 351 2072 Italiam
379 2036 488 2081 fame,
519 2035 660 2072 deinde
697 2048 805 2083 agros
835 2043 990 2080 vastare,
1024 2049 1141 2081 urere,
1176 2035 1346 2084 pecuniis
1384 2037 1484 2072 locu-

200 2101 344 2148 pletum
375 2113 444 2135 72011
477 2099 677 2136 abstinere.
749 2100 822 2136 Sed
852 2113 939 2136 cuni
973 2100 1107 2137 eadem
1141 2107 1306 2136 metuam
1335 2099 1383 2136 ab
1413 2100 1484 2136 hac

245 2209 263 2238 5
287 2200 319 2229 1'11
337 2199 450 2229 lacuna
466 2199 539 2229 add.
555 2197 727 2229 Lehmann
742 2198 844 2229 fecisti
865 2199 951 2237 quod
968 2209 1019 2228 me
1032 2199 1072 2229 de
1092 2199 1163 2229 eius
1182 2199 1298 2229 iudicio
1310 2199 1483 2229 certiorem

202 2247 235 2272 et
258 2241 351 2279 diligi
375 2242 455 2271 Ant.
478 2240 657 2271 FLamb.:
681 2251 746 2271 om.
774 2246 807 2270 et
831 2241 869 2269 M
999 2251 1035 2279 14
1058 2252 1138 2271 sana
1159 2241 1268 2280 vulga:
1297 2251 1376 2271 sane
1396 2240 1481 2271 codd.

202 2284 348 2314 Schmidt
501 2293 541 2321 23
566 2284 671 2313 hocne
687 2282 787 2320 codd.,
803 2283 839 2321 qs.
856 2284 922 2313 xiii.
941 2284 987 2312 16.
1003 2294 1021 2313 2
1038 2295 1044 2313 ε
1068 2283 1185 2313 hocine
1203 2283 1337 2322 Madvig
1350 2282 1396 2312 ad
1408 2283 1480 2314 Fz'n.

204 2328 221 2357 i.
235 2337 275 2364 34
403 2334 444 2363 25
468 2330 501 2355 ut
520 2326 551 2354 in
569 2324 692 2355 Milone
709 2348 716 2356 .
734 2349 740 2355 .
758 2349 764 2355 .
782 2325 953 2365 hactenus]
972 2325 1038 2356 secl.
1055 2325 1176 2355 Schiitz
1198 2325 1260 2356 alii.
1307 2325 1346 2355 In
1370 2325 1484 2355 lacuna

204 2369 276 2398 add.
310 2367 386 2398 Sex.
414 2368 446 2406 (i.
458 2378 481 2397 e.
509 2367 623 2397 Sestio&
648 2367 785 2405 Popma.
836 2367 925 2397 Aule
948 2368 1105 2398 hactenus
1131 2367 1204 2398 add.
1230 2368 1310 2398 haec
1336 2367 1487 2397 Graevius

205 2412 245 2440 28
269 2410 480 2449 locupletium
498 2410 622 2448 Lamb.,
641 2409 696 2439 sed
708 2410 805 2448 cfvii.
818 2421 845 2448 7.
859 2421 876 2449 7
1005 2420 1047 2448 29
1070 2420 1134 2440 non
1152 2409 1225 2440 add.
1245 2410 1328 2450 vulg.
