1590 2730
486 140 595 177 EPP.
626 141 701 176 AD
731 141 982 179 ATTICVM
1364 144 1440 181 X.i

162 247 329 294 Trebati,
358 246 450 285 boni
474 246 541 284 Viri
567 253 605 284 et
633 247 737 293 civis,
756 247 880 285 verbis
908 255 945 285 te
971 250 1121 296 gaudeo
1149 250 1390 296 delectatum,

110 318 252 360 tuaque
279 310 351 348 ista
378 311 509 348 crebra
534 310 735 358 ἐκφώνησις
755 312 926 359 εὑπ-έ,ι)ευ’
947 324 1008 348 me
1036 314 1116 349 sola
1140 314 1267 350 adhuc
1296 314 1395 350 dele-

110 374 234 412 ctavit.
292 373 452 411 Litteras
481 381 564 411 tuas
590 374 836 411 vehementer
868 381 1070 422 exspect03
1110 387 1203 423 quas
1237 375 1392 423 quidem

110 438 225 475 credo
253 436 328 473 iarn
357 437 464 474 datas
492 449 584 473 esse.
642 438 702 473 Tu
732 450 819 473 cum
847 438 961 474 Sexto
990 437 1144 474 servasti
1172 438 1391 485 gravitatem
1409 448 1434 484 4

75 514 92 545 5
111 502 273 539 eandem
302 513 417 549 quam
448 499 541 536 mihi
571 499 767 548 praecipis.
825 501 937 538 Celer
965 507 1051 537 tuus
1080 500 1242 538 disertus
1276 501 1394 550 magis

111 570 167 601 est
199 576 315 612 quam
345 562 506 611 sapiens.
565 564 625 600 De
657 561 859 600 iuvenibus
892 576 990 611 quae
1023 577 1068 600 ex
1098 563 1224 600 Tullia
1255 564 1394 601 audisti

111 639 198 664 vera
217 633 314 663 sunt.
374 625 599 663 Mucianum
627 625 728 663 istud
749 627 854 674 quod
880 625 1012 663 scribis
1035 639 1113 663 non
1135 626 1227 663 mihi
1248 627 1395 665 videtur

111 697 188 727 tam
209 703 247 727 re
267 702 349 726 esse
368 689 472 726 triste
492 701 607 737 quam
627 689 754 740 verbo.
814 691 924 726 Haec
950 696 1007 726 est
1030 691 1102 737 ἅλη
1128 689 1165 726 in
1193 702 1268 738 qua
1292 703 1394 727 nunc

113 765 242 806 sumus
274 752 404 789 mortis
434 751 560 789 instar.
617 754 696 789 Aut
729 751 831 788 enim
869 751 963 788 mihi
996 752 1113 790 libere
1146 752 1242 790 inter
1275 754 1395 790 malos

56 831 94 853 10
111 817 339 854 πολιτευτέον
371 815 440 852 fuit
476 822 541 852 aut
571 816 629 852 vel
663 814 874 863 periculose
905 828 993 851 cum
1027 815 1148 852 bonis.
1217 817 1295 852 Aut
1325 829 1394 854 nos

112 878 362 916 temeritatem
383 879 572 916 bonorum
600 890 803 926 sequamur
822 884 886 914 aut
906 878 1105 915 audaciam
1134 878 1394 926 improborum

111 942 350 979 insectemur.
393 943 608 990 Vtrumque
628 941 882 990 periculosum
900 948 966 987 est,
981 949 1019 978 at
1039 943 1112 979 hoc
1129 943 1233 990 quod
1249 942 1395 990 agimus

110 1013 219 1054 turpe
239 1019 309 1042 nec
329 1013 455 1042 tamen
476 1012 611 1042 tutum.
649 1019 653 1021 ·

165 1081 286 1116 Istum
303 1079 367 1127 qui
388 1078 505 1115 filium
528 1078 773 1116 Brundisium
793 1079 842 1116 de
862 1091 956 1128 pace
977 1078 1077 1116 misit
1095 1078 1159 1128 (de
1178 1092 1272 1128 pace
1292 1079 1394 1116 idem

58 1155 92 1185 15
111 1142 234 1180 sentio
267 1143 373 1191 quod
402 1149 454 1187 tu,
482 1141 763 1179 simulationem
795 1155 877 1179 esse
909 1150 1093 1190 apertam)
1119 1143 1238 1191 parari
1267 1150 1394 1180 autem

78 1244 80 1246 ,
111 1205 291 1243 acerrime
311 1204 482 1254 bellum),
505 1218 566 1242 me
586 1207 750 1254 legatum
772 1205 814 1242 iri
835 1219 913 1243 non
933 1205 1102 1251 arbitror,
1125 1206 1232 1243 cuius
1255 1207 1393 1252 adhuc,

112 1276 152 1306 ut
172 1268 309 1317 optavi,
332 1268 476 1306 mentio
496 1269 594 1305 facta
614 1270 717 1305 nulla
737 1268 793 1305 sit.
853 1271 912 1306 Eo
936 1268 1061 1305 minus
1088 1269 1212 1306 habeo
1240 1282 1395 1306 necesse

111 1331 274 1369 scribere
293 1338 357 1369 aut
377 1330 491 1368 etiam
511 1331 676 1380 cogitare
696 1331 788 1380 quid
809 1330 880 1368 sim
906 1333 1086 1378 facturus,
1106 1331 1136 1368 si
1156 1331 1335 1370 acciderit
1355 1339 1395 1370 ut

111 1397 221 1444 leger.

56 1523 96 1546 20
154 1509 201 1543 II
259 1511 327 1543 Ser.
345 1512 376 1542 in
393 1511 526 1542 Arcano
543 1510 657 1550 Quinti
660 1511 779 1549 fratris
789 1514 889 1551 poslr.
909 1511 992 1542 Non.
1012 1512 1044 1541 A
1044 1516 1093 1552 pr.
1114 1522 1142 1542 a.
1165 1521 1217 1550 705
1235 1512 1319 1553 (49).

513 1602 677 1632 CICERO
699 1603 730 1632 A
742 1602 876 1633 TTICO
897 1602 1000 1634 SAL.

165 1675 248 1722 Ego
276 1686 363 1710 cum
392 1672 625 1721 accepissem
653 1679 736 1710 tuas
764 1673 905 1710 litteras
932 1672 1056 1711 Nonis
1082 1672 1276 1722 Aprilibus
1302 1685 1396 1722 quas
1415 1685 1432 1711 1

112 1736 299 1786 Cephalio
318 1737 505 1782 attulerat,
526 1749 725 1784 essemque
747 1736 963 1773 Menturnis
989 1736 1171 1785 postridie
1198 1749 1395 1774 mansurus

112 1807 149 1837 et
169 1800 258 1837 inde
278 1799 459 1847 protinus,
483 1798 643 1836 sustinui
670 1812 731 1836 me
751 1799 790 1835 in
811 1801 963 1837 Arcano
989 1799 1123 1843 fratris,
1142 1806 1195 1845 ut,
1215 1800 1307 1836 dum
1333 1800 1396 1836 ali-

56 1877 93 1909 25
112 1863 205 1912 quid
232 1862 368 1900 certius
396 1863 613 1907 adferretur‚
635 1861 841 1899 occultiore
867 1862 906 1898 in
934 1864 1020 1899 loco
1049 1875 1217 1899 essemus
1245 1875 1395 1910 ageren-

112 1933 248 1975 turque
267 1925 387 1963 nihilo
407 1925 532 1962 minus
552 1938 650 1973 quae
669 1925 750 1962 sine
770 1925 960 1974 nobis-agi
981 1932 1149 1973 possunt.

163 1992 386 2040 Λαλαγεῦσα
415 1989 490 2025 iam
520 1989 629 2026 adest
659 1996 696 2026 et
726 1988 876 2026 animus
909 1990 1025 2034 ardet,
1057 2001 1182 2037 neque
1210 1996 1266 2026 est
1294 1988 1396 2037 quic-

155 2101 171 2129 7
197 2090 384 2120 Mucianum
401 2089 482 2120 Reid
495 2089 558 2120 coll.
579 2090 620 2121 ix,
641 2100 687 2120 12.
708 2100 720 2119 1
737 2101 743 2119 :
772 2089 901 2119 Maeoni
918 2089 1003 2120 codd.
1019 2101 1025 2121 z
1055 2090 1237 2119 Matianum
1253 2089 1399 2120 Schmidt

114 2143 153 2162 10
175 2132 258 2172 Aut]
276 2137 310 2162 ut
326 2137 382 2163 aut
401 2134 487 2172 (cunt
504 2142 717 2171 sequeremur
731 2135 759 2162 et
775 2132 1027 2172 insectaremur)
1045 2132 1192 2162 Schmidt
1360 2142 1396 2170 13

111 2179 207 2213 turpe
224 2175 348 2206 Baiter:
375 2185 435 2204 nec
452 2180 547 2213 turpe
565 2175 623 2205 M:
646 2179 679 2204 et
696 2179 790 2212 turpe
808 2173 900 2206 Man.
1042 2175 1080 2203 16
1102 2174 1261 2204 acerrime
1276 2174 1396 2205 bellum

113 2216 253 2247 CORP:
285 2217 359 2247 bell.
388 2227 434 2247 ac.
465 2221 492 2246 Δ
508 2216 574 2246 edd.
679 2227 731 2246 me
756 2217 899 2254 legatum
929 2216 1106 2254 (elegatum
1135 2217 1186 2252 M)
1213 2217 1252 2246 iri
1269 2221 1333 2247 non
1360 2217 1401 2247 M

111 2259 207 2290 Rom.
225 2270 233 2290 :
254 2259 397 2297 legatum
413 2259 462 2297 iri,
475 2269 541 2288 non
558 2269 608 2288 me
624 2257 806 2297 Wesenberg
893 2269 930 2296 19
953 2258 1044 2296 leger
1062 2258 1223 2289 Corradus
1238 2271 1244 2289 :
1268 2260 1397 2298 legerer

111 2300 150 2330 M
163 2301 244 2332 Ant.
259 2301 308 2332 F:
332 2301 462 2340 legarer
477 2301 575 2332 Rom.
683 2311 723 2338 24
747 2301 795 2340 et]
813 2305 848 2330 ut
869 2298 1052 2340 Wesenberg
1178 2303 1219 2331 26
1242 2301 1396 2341 possunt]

107 2343 178 2372 'non
196 2346 335 2382 possunt
350 2343 427 2375 coni.
447 2342 530 2374 Reid
655 2353 693 2381 27
718 2343 781 2382 est]
791 2343 869 2381 fort.
885 2347 958 2381 stat,
977 2343 1012 2380 cf.
1032 2342 1074 2373 iii.
1099 2353 1145 2380 14.
1165 2353 1183 2372 2

154 2405 215 2429 cic.
236 2406 281 2426 AD
297 2405 368 2428 Αττ.
1274 2398 1312 2429 22
