1850 2745
192 141 299 176 XIV.
319 140 364 175 vi
671 140 724 176 M.
756 141 919 177 TVLLI
951 141 1247 178 CICERONIS

683 247 689 254 .
744 249 750 255 .
893 248 899 254 .
1304 222 1334 259 fi
1615 223 1648 257 Ἀ

370 249 479 285 Haec
500 249 548 285 ad
565 255 600 285 te
621 261 749 296 scr1p31
767 255 941 296 apposita
957 250 1125 285 secunda
1142 261 1274 286 mensa
1291 263 1300 295 3
1328 251 1434 298 plura
1450 257 1486 288 et
1501 254 1602 303 πρλι-
1629 278 1638 328 1
1663 215 1715 307 32,
1728 282 1738 305 Γ
1750 275 1772 307 9

316 311 484 364 τικ-ιρτερα
503 318 645 359 postea,
668 318 704 348 et
725 318 764 347 tu
785 310 878 359 quid
897 323 985 358 agas
1005 310 1175 359 quidque
1194 318 1335 359 agatur.
1627 312 1738 350 ,ὢν-δ’

12 476 20 492 a
360 451 449 485 VII
577 454 645 484 Scr.
665 454 699 483 in
715 453 888 483 Formiano
904 454 973 483 xvii
985 454 1026 484 K.
1045 454 1123 484 Mai.
1143 465 1172 485 a.
1194 464 1249 493 710
1272 455 1355 495 (44).

380 521 399 541 ⁸
709 539 874 569 CICERO
904 539 1080 570 ATTICO
1109 539 1212 571 SAL.

60 607 179 661 '4¹⁸3'
283 641 298 666 1
371 626 558 678 Post-ridie
580 627 672 674 I-d-us
704 627 862 663 Paulum
894 625 1049 664 Caietae
1072 627 1158 663 vidi.
1218 628 1256 664 Is
1279 628 1372 664 mihi
1401 628 1450 665 de
1479 629 1603 666 Mario
1623 639 1640 670 5

318 697 354 727 et
374 691 422 727 de
442 703 480 727 re
500 689 653 738 publica
673 690 861 738 quaedam
882 702 971 726 sane
992 690 1165 737 pessima.
1214 691 1249 726 A
1269 697 1305 727 te
1325 690 1467 728 scilicet
1487 691 1604 738 nihil,
1598 706 1604 713 ·

9 731 305 819 ‘zum
318 766 432 790 nemo
464 753 565 790 enim
601 765 784 790 meorum.
842 753 917 789 Sed
949 754 1107 788 Brutum
1137 760 1308 790 nostrum
1337 755 1452 791 audio
1481 754 1602 791 visum
1805 789 1842 833 a*

318 817 389 853 sub
411 816 593 853 Lanuvio.
623 800 728 852 ‘Vbi
747 816 903 873 tandem
924 822 980 852 est
1000 816 1177 852 futurus?
1228 817 1329 852 Nam
1353 829 1439 853 cum
1461 817 1603 865 reliqua
1614 797 1843 931 ἑῶἓῗξελ

320 886 401 916 tum
419 881 468 917 de
489 881 562 916 hoc
583 880 677 916 scire
697 891 791 915 aveo
811 877 949 915 omnia.
1000 879 1082 926 Ego
1103 891 1123 914 e
1145 878 1348 915 Formiano
1369 878 1496 916 exiens
1516 891 1569 916 xx
1575 892 1600 916 11

322 943 406 979 Kal.
430 949 470 979 ut
490 942 580 980 inde
600 944 717 979 altero
737 941 828 979 die
820 955 857 977 in
879 943 1132 978 Puteolanum
1154 941 1284 990 scripsi
1305 943 1408 978 haec.

276 1015 299 1040 2
373 1008 407 1042 A
427 1006 614 1044 Cicerone
635 1004 728 1041 mihi
749 1006 893 1042 litterae
914 1017 1004 1041 sane
1010 993 1261 1055 Ἐπεπιικωρἑέικαι
1281 1011 1318 1041 et
1339 1005 1435 1042 bene
1455 1006 1600 1054 longae.
1619 984 1787 1069 m

42 1058 301 1156 tamesi-‘3172
320 1069 455 1106 Cetera
485 1076 613 1106 autem
645 1069 702 1105 vel
734 1067 823 1116 fingi
854 1074 1027 1115 possunt,
1051 1068 1153 1106 πίνος
1179 1067 1385 1104 litterarum
1418 1067 1603 1115 significat
1631 1073 1770 1129 Jaena

67 1117 169 1137 s
317 1131 540 1169 doctiorem.
609 1132 724 1168 Nunc
755 1143 894 1178 magno
928 1143 1041 1178 opere
1071 1143 1093 1167 a
1123 1138 1160 1168 te
1192 1138 1294 1178 peto,
1327 1131 1376 1167 de
1409 1143 1486 1179 quo
1519 1144 1602 1168 sum

242 1227 249 1232 .
318 1208 438 1244 nuper
457 1202 583 1232 tecum
614 1196 774 1239 locutus,
797 1200 838 1230 ut
858 1193 986 1230 videas
1016 1206 1063 1231 ne
1088 1193 1180 1242 quid
1209 1194 1243 1230 ei
1273 1195 1381 1231 desit.
1440 1195 1486 1231 Id
1516 1208 1603 1232 cum

42 1228 301 1301 Q*
317 1260 365 1295 ad
395 1259 561 1295 officium
593 1264 762 1294 nostrum
792 1256 953 1304 pertinet
974 1264 1053 1293 tum
1074 1258 1122 1294 ad
1144 1257 1462 1294 existimationem
1488 1264 1525 1295 et
1551 1258 1603 1295 di·
1625 1272 1661 1303 15

316 1321 524 1369 gnitatem3
552 1321 656 1368 quod
686 1321 787 1357 idem
810 1319 973 1357 intellexi
1003 1320 1071 1357 tibi
1091 1320 1220 1357 videri.
1278 1320 1450 1358 Omnino
1470 1322 1498 1358 si
1520 1334 1633 1370 ego,
1625 1325 1641 1345 ¹
1654 1325 1842 1380 office-'fl

317 1392 357 1421 ut
385 1386 482 1431 volo,
505 1397 636 1421 mense
657 1382 818 1431 Quintili
846 1383 883 1419 in
915 1383 1124 1429 Graeciam,
1148 1391 1235 1421 sunt
1265 1383 1393 1421 omnia
1414 1385 1603 1430 faciliora3

318 1449 384 1485 sed
415 1461 503 1484 cum
538 1448 612 1484 sint
643 1459 685 1484 ea
720 1454 891 1494 tempora
924 1454 964 1483 ut
998 1448 1086 1484 certi
1122 1448 1215 1484 nihil
1248 1460 1330 1485 esse
1360 1448 1477 1496 possit
1509 1450 1600 1496 quid

0 1555 2 1559 .
316 1512 520 1548 honestum
566 1510 657 1547 mihi
700 1512 756 1555 sit,
797 1510 889 1558 quid
931 1510 1050 1555 liceat,
1091 1511 1185 1559 quid
1225 1511 1410 1560 expediat,
1446 1524 1599 1560 quaeso,

0 1580 2 1618 ξ
316 1575 364 1611 da
398 1586 551 1622 operam
591 1580 631 1610 ut
666 1574 770 1610 illum
808 1585 924 1623 quam
961 1573 1228 1611 honestissime
1264 1574 1601 1623 copiosissimeque
1622 1592 1661 1612 20

7 867 20 892 δ

9 1630 24 1656 ’
316 1644 498 1674 tueamur.

0 1709 3 1722 f
371 1702 479 1737 Haec
503 1708 539 1737 et
565 1707 689 1738 cetera
709 1712 806 1748 quae
826 1701 874 1736 ad
896 1713 964 1737 nos
991 1701 1245 1748 pertinebunt,
1269 1708 1308 1737 ut
1335 1702 1443 1746 soles,
1466 1701 1603 1750 cogita-

0 1744 4 1817 Ξ
316 1764 374 1801 bis
401 1765 450 1800 ad
477 1776 615 1812 meque
634 1770 698 1800 aut
719 1764 823 1810 quod
847 1764 896 1800 ad
923 1777 1000 1800 rcrn
1029 1764 1213 1812 pertineat
1241 1771 1315 1810 aut,
1346 1764 1376 1801 si
1400 1763 1492 1801 nihil
1521 1764 1600 1808 erit,

0 1835 3 1853 l
317 1828 422 1876 quod
443 1827 481 1863 in
502 1824 662 1864 buccam
682 1825 825 1864 venerit
846 1826 997 1864 scribes.

0 1909 4 1985 Ξ
358 1932 470 1966 VIII
557 1935 618 1965 Scr
642 1935 672 1963 in
688 1934 886 1964 Sinuessano
901 1935 969 1964 xvii
981 1934 1021 1964 K.
1044 1935 1121 1965 Mai.
1140 1945 1168 1964 (ι.
1190 1944 1245 1973 710
1264 1934 1349 1974 (445.
1622 1946 1659 1976 25

0 1992 4 2046 ἱ
710 2010 876 2040 CICERO
904 2009 1080 2040 ATTICO
1109 2009 1210 2039 SAL.
1730 2041 1738 2047 ,
1826 2007 1841 2020 -’

0 2048 5 2084 f·
535 2080 540 2086 .
961 2080 967 2085 .
1126 2079 1132 2085 .
1165 2068 1184 2086 x
1246 2079 1252 2085 .
1505 2079 1510 2084 .
1613 2045 1792 2086 ''Mb-⁶2

0 2088 3 2129 j
285 2093 301 2118 Ι
371 2082 431 2117 Tu
452 2094 513 2118 me
533 2094 606 2118 lam
627 2081 767 2125 rebare,
790 2093 877 2117 cum
899 2080 1100 2124 scrlbebas,
1123 2093 1161 2115 m
1181 2087 1274 2130 Ἐς
1295 2091 1376 2116 esse
1397 2086 1543 2124 nostus,
1565 2085 1601 2116 et
1611 2095 1840 2136 deum

2 2162 6 2179 ι
64 2123 136 2187 ’,ᾖς’
319 2156 389 2191 cgo
418 2144 547 2192 accepi
581 2156 664 2180 xvlr
700 2145 783 2180 Kal.
818 2143 854 2179 in
886 2142 1141 2180 deversoriolo
1175 2142 1406 2179 Sinuessano
1436 2149 1519 2179 tuas
1548 2143 1602 2178 lit·
1660 2137 1776 2220 ξιξ(

2 2236 6 2271 l
359 2255 378 2282 5
402 2245 432 2274 in
448 2245 582 2274 Caietae
604 2245 642 2274 M
661 2243 717 2274 sed
737 2245 768 2273 in
795 2243 928 2273 dolesum
947 2247 1012 2272 est:
1037 2243 1068 2271 in
1087 2242 1200 2271 Caieta
1218 2236 1269 2274 ΖΙ),
1281 2242 1358 2279 fort
1381 2245 1450 2272 recte
1465 2242 1500 2279 cf
1523 2241 1555 2271 C.
1572 2241 1598 2271 I.

319 2287 355 2318 l.
382 2298 412 2317 Χ
434 2293 465 2326 p
485 2289 546 2324 603
633 2288 653 2315 6
677 2287 803 2324 publica
831 2285 947 2315 Omlli:
982 2295 1025 2324 p.,
1050 2285 1157 2322 aliqua
1181 2281 1256 2313 MZae
1276 2284 1442 2313 Schmidt:
1474 2284 1601 2322 publica

316 2329 377 2358 alia
397 2333 465 2358 vett.
556 2338 594 2357 22
620 2329 693 2357 Hoc
714 2327 781 2357 ll’es
771 2328 895 2365 vnberg
1020 2337 1058 2365 27
1083 2326 1130 2366 et]
1149 2330 1182 2356 at
1199 2326 1284 2355 C›·.‹1t

4 2628 12 2745 effl—
5 2587 9 2614 --
2 2387 9 2577 ..-m-A
