1590 2730
494 163 602 200 EPP.
634 163 709 198 AD
739 162 990 200 ATTICVM
1301 165 1367 200 IX.
1392 174 1422 200 x

85 269 306 308 inconstans
353 271 420 308 sed
457 270 640 308 demens.'
716 271 761 307 In
799 270 934 307 eadem
972 269 1133 318 epistula
1171 270 1245 307 alio
1283 271 1382 318 loco,

88 333 216 371 ‘Nihil
241 333 464 382 relinquitur
489 332 561 371 nisi
586 334 683 381 fuga,
707 332 768 370 cui
797 340 834 369 te
862 332 1009 369 socium
1035 332 1257 381 neutiquam
1288 341 1382 382 puto

86 410 168 434 esse
199 404 373 445 oportere
409 409 481 434 nec
511 409 694 445 umquam
731 395 884 444 putavi?
940 397 1080 432 Totam
1117 403 1244 433 autem
1282 397 1382 434 hanc
1402 405 1425 444 7

87 459 402 497 deliberationem
430 458 571 496 evolvis
599 458 810 496 accuratius
836 458 874 495 in
900 458 1031 495 litteris
1056 470 1127 495 vm
1159 460 1246 495 Kal.
1269 460 1381 496 Mart.

50 533 68 565 5
87 522 195 568 datis,
221 521 280 560 ‘Si
309 523 377 559 M'.
392 520 563 570 Lepidus
582 528 619 559 et
635 522 679 558 L.
694 520 896 557 Volcacius
917 528 1123 566 remanent,
1147 522 1381 558 manendum

86 592 190 635 puto,
222 584 274 622 ita
302 592 355 632 ut,
386 584 418 623 si
446 586 572 623 salvus
604 585 651 622 sit
682 584 889 632 Pompeius
920 591 956 621 et
989 584 1199 621 constiterit
1228 584 1378 630 alicubi,

37 638 45 647 ’
85 649 185 684 hanc
216 649 355 686 νέκυιαν
385 647 575 696 relinquas
613 654 650 685 et
687 654 723 684 te
753 646 792 683 in
823 646 1029 683 certamine
1060 646 1159 683 vinci
1196 660 1282 684 cum
1317 647 1380 685 illo

84 710 229 748 facilius
249 710 399 759 patiaris
420 723 535 759 quam
556 723 643 747 cum
664 711 738 746 hoc
758 709 796 745 in
824 722 868 746 ea
894 721 991 757 quae
1016 709 1238 758 perspicitur
1257 711 1381 747 futura

85 773 247 811 colluvie
279 775 457 822 regnare?
513 774 638 809 Multa
670 772 841 821 disputas
876 771 964 809 huic
1002 772 1213 810 sententiae
1246 786 1380 811 conve-

28 850 67 872 10
84 836 239 873 nientia.
296 837 393 874 Inde
419 837 468 873 ad
495 843 716 881 extremum,
749 838 758 853 ‘
774 834 880 882 Quid
900 835 952 872 si’
973 835 1097 884 inquis
1130 839 1138 855 ‘
1154 836 1322 884 Lepidus
1343 843 1380 874 et

84 900 287 937 Volcacius
313 900 545 938 discedunt?
600 901 717 937 Plane
744 902 876 948 ἀπορῶ.
932 900 1050 947 Quod
1076 900 1242 937 evenerit
1270 899 1380 948 igitur

84 970 121 1001 et
140 965 245 1012 quod
266 963 383 1013 egeris
404 963 443 1001 id
459 964 648 1012 στερκτέον
667 963 835 1011 putabo!
891 962 929 1000 Si
950 969 1030 999 turn
1052 962 1254 1008 dubitarem,
1278 976 1379 1000 nunc

84 1033 184 1064 certe
215 1039 292 1064 non
324 1025 476 1064 dubitas
506 1025 586 1063 istis
617 1025 872 1063 manentibus.
930 1025 1082 1063 Deinde
1112 1025 1149 1062 in
1184 1026 1264 1074 ipsa
1294 1027 1381 1074 fuga
1402 1031 1425 1067 8

86 1101 109 1126 v
142 1090 229 1126 Kal.
261 1089 429 1136 Martias,
475 1091 652 1127 ‘Interea
685 1103 762 1126 non
800 1088 936 1126 dubito
974 1089 1066 1137 quin
1100 1089 1138 1125 in
1177 1089 1380 1126 Formiano

29 1165 66 1197 15
86 1166 285 1191 mansurus
310 1153 377 1190 sis.
433 1152 758 1191 Commodissime
795 1152 897 1190 enim
934 1153 974 1190 τὸ
1013 1153 1152 1201 μέλλον
1188 1152 1239 1189 ibi
1278 1170 1380 1201 καρα-

84 1217 269 1265 δοκήσειςῖ
324 1218 452 1265 Atque
484 1218 534 1253 K.
571 1218 694 1261 Mart.,
728 1229 815 1253 cum
854 1215 915 1252 ille
953 1215 1128 1264 quintum
1163 1215 1238 1253 iarn
1276 1216 1379 1253 diem

84 1280 262 1318 Brundisi
300 1287 409 1326 esset,
461 1282 585 1317 ‘Tum
627 1279 836 1328 poterimus
874 1279 1083 1317 deliberare
1121 1292 1196 1316 non
1236 1279 1380 1317 scilicet

84 1343 227 1393 integra
256 1357 294 1381 re
320 1344 387 1381 sed
411 1350 511 1381 certe
541 1343 665 1380 minus
692 1342 850 1379 infracta
876 1355 991 1390 quarn
1018 1342 1048 1379 si
1074 1355 1151 1379 una
1178 1341 1380 1391 proieceris

85 1409 143 1444 te.⁷
201 1406 352 1444 Deinde
382 1419 442 1443 1111
474 1408 578 1444 Non.
601 1405 769 1451 Martias,
791 1406 859 1443 ὑπὸ
888 1406 952 1453 τὴν
980 1408 1090 1454 λῆψιν
1110 1419 1197 1442 cum
1220 1405 1380 1443 breviter

28 1485 67 1507 20
85 1470 277 1516 scriberes,
318 1477 445 1507 tamen
484 1469 593 1519 ponis
631 1471 716 1516 hoc,
771 1470 884 1507 ‘Cras
917 1469 1078 1506 scribam
1116 1470 1224 1517 plura
1256 1476 1293 1506 et
1329 1470 1379 1507 ad

83 1533 238 1580 omnia3
267 1534 340 1570 hoc
364 1540 492 1570 tamen
521 1533 657 1578 dicam,
680 1545 757 1569 non
787 1532 979 1581 paenitere
1006 1545 1066 1569 me
1093 1531 1226 1569 consili
1246 1533 1295 1569 de
1315 1539 1380 1570 tua

83 1596 293 1643 mansione,
323 1604 359 1634 et
393 1609 627 1645 quamquam
660 1609 796 1645 magna
830 1595 1095 1642 sollicitudine,
1129 1603 1257 1632 tamen
1290 1595 1380 1644 quia

82 1659 207 1697 minus
238 1659 327 1696 mali
363 1667 455 1708 puto
486 1672 568 1697 esse
597 1672 713 1708 quam
743 1658 780 1694 in
810 1658 873 1695 illa
900 1658 1146 1707 profectione,
1170 1671 1307 1695 maneo
1339 1658 1378 1695 in

83 1723 269 1761 sententia
298 1730 334 1760 et
362 1725 512 1771 gaudeo
541 1730 577 1760 te
606 1722 813 1759 mansisse?
869 1723 968 1759 Cum
998 1735 1086 1759 vero
1115 1721 1190 1758 iam
1223 1735 1378 1770 angerer
1397 1729 1424 1765 9

25 1802 62 1833 25
83 1794 118 1824 et
150 1786 320 1824 timerem
360 1800 407 1824 ne
441 1787 534 1835 quid
566 1800 588 1824 a
618 1800 679 1823 me
713 1785 912 1823 dedecoris
943 1792 1041 1822 esset
1077 1785 1300 1830 admissum,
1332 1797 1376 1821 111

83 1852 215 1888 Nonas
238 1852 361 1896 Ma1·t.‚
396 1853 565 1888 ‘Tamen
592 1858 628 1888 te
658 1863 734 1887 non
762 1862 843 1886 esse
870 1862 946 1885 una
976 1862 1063 1885 cum
1095 1848 1279 1896 Pompeio
1299 1861 1377 1885 non

82 1915 160 1951 fero
194 1915 364 1951 moleste.
422 1917 572 1961 Postea,
601 1914 631 1951 si
664 1927 760 1962 opus
792 1912 911 1957 fuerit,
941 1925 1017 1948 non
1051 1911 1119 1948 erit
1150 1911 1311 1956 difficile,
1341 1918 1377 1948 et

82 1976 144 2022 illi,
168 1990 324 2025 quoquo
355 1985 525 2027 tempore
546 1979 619 2022 fiet,
643 1977 711 2015 erit
739 1978 980 2025 ἀσμενιστόν;
1016 1976 1083 2012 sed
1113 1976 1186 2011 hoc
1215 1974 1266 2010 ita
1289 1974 1377 2011 dico

82 2039 113 2077 si
138 2040 200 2077 hic
224 2054 299 2089 qua
328 2041 473 2078 ratione
497 2041 645 2077 initium
674 2041 761 2078 fecit
791 2042 925 2077 eadem
953 2046 1076 2076 cetera
1102 2045 1196 2086 aget,
1219 2037 1374 2083 sincere,

24 2116 64 2146 30
82 2110 300 2152 temperate,
323 2105 539 2152 prudenter.
595 2105 719 2141 Valde
748 2104 878 2141 videro
910 2110 946 2140 et
977 2100 1251 2139 consideratius
1282 2100 1378 2138 utili-

129 2215 165 2234 12
189 2205 353 2234 dubitaras
369 2205 508 2235 Hosius:
533 2215 619 2234 -ares
636 2205 676 2234 M
688 2215 694 2234 :
717 2205 808 2234 -abas
819 2203 943 2233 Ernestz
1065 2204 1103 2232 16
1127 2201 1237 2239 Atque
1256 2200 1376 2230 Wesen-

83 2247 171 2286 berg:
204 2247 244 2276 ad
268 2247 323 2276 M:
347 2248 426 2285 fort.
451 2258 478 2277 a.
506 2249 536 2277 d.
559 2257 583 2276 11
717 2256 754 2284 19
779 2256 831 2275 1111
856 2246 930 2275 M2:
963 2245 1008 2274 illi
1027 2244 1077 2274 M¹
1135 2243 1191 2273 ὑπὸ
1209 2244 1265 2281 τὴν
1281 2244 1376 2283 λῆψιν

86 2288 184 2320 Vict.:
221 2292 490 2319 ’ΥΠΟΤΠΑΠΨΙΝ
513 2288 570 2319 M:
603 2289 785 2329 ὑπογραφὴν
805 2288 851 2318 C:
883 2287 1034 2327 διάλειψιν
1061 2286 1180 2317 Gurlz'lt
1203 2287 1267 2316 coll.
1299 2295 1329 2316 2.
1361 2295 1374 2315 1

85 2332 125 2363 28
148 2331 336 2369 ἀσμενιστόν
358 2331 476 2371 Tyrrell
490 2331 533 2362 ad
547 2342 565 2362 2
576 2341 599 2361 Α
610 2341 628 2371 3
645 2343 651 2362 :
674 2330 864 2369 ἀσμένιστον
880 2331 966 2370 vulg.
