1590 2730
590 558 757 595 LIBER
786 557 968 595 NONVS

543 659 645 706 AD
695 657 1022 705 ATTICVM

175 783 199 818 1
351 784 417 816 Ser.
435 784 468 814 in
484 783 656 814 Formiano
668 781 754 823 prid.
770 781 853 812 Non.
873 781 971 813 Mart.
992 791 1021 812 a.
1044 791 1097 820 705
1115 780 1198 822 (49).

540 868 709 900 CICERO
733 868 900 898 ATTICO
925 867 1018 898 SAL.

180 942 281 984 ‘ET51
306 959 394 983 cum
418 953 457 983 tu
486 946 554 983 has
580 945 721 983 litteras
748 946 901 993 legeres,
924 944 1105 992 putabam
1127 944 1205 981 fore
1225 950 1266 980 ut
1286 942 1420 980 scirem
1439 954 1456 981 1

134 1008 208 1046 iam
242 1009 334 1058 quid
368 1008 547 1046 Brundisi
576 1016 705 1046 actum
739 1015 837 1046 esset
870 1006 976 1056 (nam
1008 1006 1177 1045 Canusio
1211 1017 1298 1042 v1111
1334 1007 1417 1043 Kal.

95 1089 112 1120 5
133 1074 324 1122 profectus
344 1081 422 1110 erat
443 1074 621 1119 Gnaeusg
649 1073 744 1110 haec
763 1080 891 1110 autem
913 1071 1126 1109 scribebam
1146 1070 1267 1120 pridie
1287 1072 1421 1108 Nonas

132 1146 225 1172 X1111
245 1135 307 1173 die
335 1143 422 1184 post
450 1148 564 1183 quam
591 1134 653 1172 ille
679 1134 848 1173 Canusio
877 1134 1076 1183 moverat),
1103 1141 1230 1171 tamen
1255 1134 1421 1182 angebar

132 1198 363 1247 singularum
384 1199 560 1236 horarum
581 1198 863 1247 exspectatione
884 1197 1122 1246 mirabarque
1138 1197 1231 1234 nihil
1250 1198 1419 1235 adlatum

131 1275 214 1299 esse
237 1275 284 1299 ne
308 1261 468 1299 rumoris
492 1260 673 1310 quidem5
702 1274 790 1298 nam
815 1268 893 1299 erat
916 1260 1053 1297 mirum
1085 1260 1288 1298 silentium.
1343 1262 1419 1298 Sed

131 1325 225 1363 haec
263 1326 420 1363 fortasse
455 1325 676 1363 κενόσπουδα
707 1332 804 1370 sunt,
845 1337 943 1373 quae
974 1331 1102 1361 tamen
1140 1322 1215 1360 iam
1254 1323 1420 1361 sciantur

76 1404 114 1426 10
132 1401 287 1426 necesse
300 1396 356 1426 est
373 1403 382 1435 3
410 1388 503 1426 illud
521 1389 724 1427 molestum
746 1401 807 1425 me
826 1389 953 1425 adhuc
975 1387 1198 1436 investigare
1213 1400 1289 1424 non
1306 1399 1418 1436 posse
1436 1399 1460 1425 2

130 1451 196 1489 ubi
224 1453 263 1489 P.
293 1453 477 1490 Lentulus
507 1460 635 1490 noster
663 1452 719 1498 sit,
750 1450 816 1488 ubi
842 1450 1045 1488 Domitius.
1103 1451 1257 1498 Quaero
1276 1457 1414 1496 autem,

131 1528 207 1563 quo
235 1514 381 1553 facilius
410 1515 503 1553 scire
532 1515 675 1564 possim
705 1514 798 1564 quid
826 1514 945 1552 acturi
969 1514 1054 1559 sint,
1077 1513 1212 1552 iturine
1238 1515 1287 1551 ad
1308 1515 1418 1551 Pom-

131 1577 259 1626 peium
279 1586 326 1624 et,
350 1578 379 1616 si
401 1586 498 1624 sunt,
522 1592 597 1627 qua
617 1579 821 1627 quandove
842 1577 927 1615 ituri
947 1577 1031 1615 sint.

183 1642 326 1679 Vrbem
365 1641 520 1690 quidem
561 1641 634 1679 iam
674 1643 846 1679 refertam
891 1654 973 1678 esse
1011 1640 1251 1689 optimatium
1289 1640 1414 1685 audio,
1462 1657 1467 1660 ¹

78 1714 112 1746 15
133 1703 283 1741 Sosium
309 1711 346 1742 et
373 1706 524 1753 Lupum
545 1717 641 1753 quos
666 1705 821 1742 Gnaeus
848 1710 975 1741 noster
997 1711 1085 1740 ante
1112 1704 1270 1752 putabat
1302 1705 1418 1741 Brun-

131 1766 269 1804 disium
290 1774 468 1805 venturos
488 1780 571 1805 esse
597 1780 711 1816 quam
733 1780 772 1805 se
799 1767 856 1804 ius
876 1766 1012 1804 dicere.
1073 1766 1177 1803 Hinc
1197 1779 1285 1803 vero
1305 1767 1418 1814 vulgo

129 1831 273 1867 vadunt
290 1844 299 1876 3
324 1829 437 1867 etiam
461 1832 524 1867 Μ’.
545 1829 713 1879 Lepidus
727 1843 893 1879 quocum
915 1829 1017 1867 diem
1035 1836 1228 1866 conterere
1245 1829 1414 1866 solebam

127 1906 207 1930 cras
236 1892 435 1941 cogitabat.
494 1894 575 1931 Nos
602 1900 730 1931 autem
760 1893 798 1930 in
824 1892 1028 1930 Formiano
1054 1892 1306 1938 morabamur,
1337 1905 1414 1940 quo
1433 1904 1456 1940 3

127 1956 237 1994 citius
267 1956 484 1994 audiremus
499 1971 508 2003 3
549 1956 690 1995 deinde
721 1957 908 2006 Arpinum
936 1957 1185 2001 volebamus;
1224 1955 1313 1993 inde
1346 1955 1414 1993 iter

71 2033 110 2055 20
127 2032 204 2068 qua
236 2019 398 2057 maxime
427 2022 672 2069 ἀναπάντητον
699 2028 797 2058 esset
830 2022 878 2058 ad
914 2034 1014 2057 mare
1049 2032 1227 2068 superum
1261 2018 1414 2057 remotis

127 2082 205 2120 sive
225 2082 383 2120 omnino
410 2083 533 2121 missis
561 2083 764 2122 lictoribus.
824 2083 952 2121 Audio
983 2083 1084 2121 enim
1112 2082 1222 2120 bonis
1243 2082 1329 2120 viris
1349 2082 1415 2132 qui

127 2152 163 2182 et
184 2159 285 2183 nunc
305 2153 341 2183 et
362 2159 474 2195 saepe
493 2154 605 2185 antea
625 2160 764 2196 magno
783 2146 972 2195 praesidio
992 2146 1044 2183 rei
1068 2146 1243 2195 publicae
1263 2147 1414 2184 fuerunt

126 2208 225 2244 hanc
245 2209 528 2247 cunctationem
549 2216 716 2247 nostram
744 2222 821 2247 non
848 2209 998 2259 probari
1019 2211 1214 2258 multaque
1234 2211 1274 2247 in
1295 2223 1355 2247 me
1375 2217 1412 2247 et

127 2283 254 2308 severe
274 2270 312 2308 in
332 2271 514 2309 conviviis
535 2271 769 2321 tempestivis
789 2272 945 2321 quidem
966 2271 1159 2321 disputari.

168 2371 188 2399 6
211 2370 279 2410 ille]
306 2371 333 2400 is
356 2381 391 2401 se
414 2371 498 2401 Reid
624 2380 664 2408 23
688 2371 721 2400 in
743 2380 794 2401 me
811 2371 941 2401 Aldus:
966 2372 1044 2401 mihi
1063 2370 1278 2402 MSclzmt'dt:
1301 2372 1412 2412 inique

128 2412 169 2442 de
185 2422 236 2442 me
251 2413 328 2443 coni.
346 2412 465 2442 Mz't‘ller

169 2475 228 2495 εις.
247 2476 292 2495 AD
308 2476 378 2497 Αττ,
1120 2455 1124 2461 ’
1290 2469 1328 2497 19
