<?xml version="1.0" encoding="UTF-8"?>
<!DOCTYPE html PUBLIC "-//W3C//DTD XHTML 1.0 Transitional//EN"
    "http://www.w3.org/TR/xhtml1/DTD/xhtml1-transitional.dtd">
<html xmlns="http://www.w3.org/1999/xhtml" xml:lang="en" lang="en">
 <head>
  <title>
</title>
<meta http-equiv="Content-Type" content="text/html;charset=utf-8" />
  <meta name='ocr-system' content='tesseract 3.04.00' />
  <meta name='ocr-capabilities' content='ocr_page ocr_carea ocr_par ocr_line ocrx_word'/>
</head>
<body>
  <div class='ocr_page' id='page_1' title='image "./mtulliciceronise00cice/mtulliciceronise00cice_0034.png"; bbox 0 0 1590 2730; ppageno 0'>
   <div class='ocr_carea' id='block_1_1' title="bbox 58 157 1092 195">
    <p class='ocr_par' dir='ltr' id='par_1_1' title="bbox 58 157 1092 195">
     <span class='ocr_line' id='line_1_1' title="bbox 58 157 1092 195; baseline 0 -1"><span class='ocrx_word' id='word_1_1' title='bbox 58 158 124 194; x_wconf 89' lang='lat' dir='ltr'>IX.</span> <span class='ocrx_word' id='word_1_2' title='bbox 143 167 172 192; x_wconf 88' lang='lat' dir='ltr'>x</span> <span class='ocrx_word' id='word_1_3' title='bbox 518 159 571 195; x_wconf 85' lang='lat' dir='ltr'>M.</span> <span class='ocrx_word' id='word_1_4' title='bbox 603 158 766 195; x_wconf 78' lang='lat' dir='ltr'>TVLLI</span> <span class='ocrx_word' id='word_1_5' title='bbox 796 157 1092 195; x_wconf 89' lang='lat' dir='ltr'>CICERONIS</span> 
     </span>
    </p>
   </div>
   <div class='ocr_carea' id='block_1_2' title="bbox 105 263 1489 818">
    <p class='ocr_par' dir='ltr' id='par_1_2' title="bbox 105 263 1489 818">
     <span class='ocr_line' id='line_1_2' title="bbox 105 263 1457 302; baseline 0 -1"><span class='ocrx_word' id='word_1_6' title='bbox 105 274 149 301; x_wconf 92' lang='lat'>10</span> <span class='ocrx_word' id='word_1_7' title='bbox 168 263 234 301; x_wconf 89' lang='lat' dir='ltr'>tati</span> <span class='ocrx_word' id='word_1_8' title='bbox 254 271 403 301; x_wconf 84' lang='lat' dir='ltr'>nostrae</span> <span class='ocrx_word' id='word_1_9' title='bbox 424 266 673 302; x_wconf 83' lang='lat' dir='ltr'>consuluero.&#39;</span> <span class='ocrx_word' id='word_1_10' title='bbox 729 276 784 301; x_wconf 91' lang='lat' dir='ltr'>V11</span> <span class='ocrx_word' id='word_1_11' title='bbox 807 265 899 301; x_wconf 88' lang='lat' dir='ltr'>Idus</span> <span class='ocrx_word' id='word_1_12' title='bbox 927 263 1083 301; x_wconf 89' lang='lat' dir='ltr'>Martias</span> <span class='ocrx_word' id='word_1_13' title='bbox 1103 263 1234 302; x_wconf 88' lang='lat' dir='ltr'>scribis</span> <span class='ocrx_word' id='word_1_14' title='bbox 1255 264 1457 302; x_wconf 84' lang='lat' dir='ltr'>Peducaeo</span> 
     </span>
     <span class='ocr_line' id='line_1_3' title="bbox 168 326 1458 377; baseline -0.001 -12"><span class='ocrx_word' id='word_1_15' title='bbox 168 341 322 376; x_wconf 92' lang='lat' dir='ltr'>quoque</span> <span class='ocrx_word' id='word_1_16' title='bbox 348 335 478 365; x_wconf 88' lang='lat' dir='ltr'>nostro</span> <span class='ocrx_word' id='word_1_17' title='bbox 501 327 651 377; x_wconf 89' lang='lat' dir='ltr'>probari</span> <span class='ocrx_word' id='word_1_18' title='bbox 672 328 777 376; x_wconf 92' lang='lat' dir='ltr'>quod</span> <span class='ocrx_word' id='word_1_19' title='bbox 803 327 974 375; x_wconf 84' lang='lat' dir='ltr'>quierim,</span> <span class='ocrx_word' id='word_1_20' title='bbox 996 326 1104 364; x_wconf 86' lang='lat' dir='ltr'>euius</span> <span class='ocrx_word' id='word_1_21' title='bbox 1132 326 1335 364; x_wconf 83' lang='lat' dir='ltr'>auctoritas</span> <span class='ocrx_word' id='word_1_22' title='bbox 1365 328 1458 364; x_wconf 91' lang='lat' dir='ltr'>mul-</span> 
     </span>
     <span class='ocr_line' id='line_1_4' title="bbox 168 389 1457 439; baseline -0.001 -11"><span class='ocrx_word' id='word_1_23' title='bbox 168 398 249 428; x_wconf 91' lang='lat' dir='ltr'>tum</span> <span class='ocrx_word' id='word_1_24' title='bbox 277 392 380 439; x_wconf 91' lang='lat' dir='ltr'>apud</span> <span class='ocrx_word' id='word_1_25' title='bbox 408 404 469 428; x_wconf 91' lang='lat' dir='ltr'>me</span> <span class='ocrx_word' id='word_1_26' title='bbox 497 392 608 427; x_wconf 86' lang='lat' dir='ltr'>valet.</span> <span class='ocrx_word' id='word_1_27' title='bbox 664 390 737 427; x_wconf 89' lang='lat' dir='ltr'>His</span> <span class='ocrx_word' id='word_1_28' title='bbox 765 403 834 438; x_wconf 90' lang='lat' dir='ltr'>ego</span> <span class='ocrx_word' id='word_1_29' title='bbox 855 390 927 427; x_wconf 90' lang='lat' dir='ltr'>tuis</span> <span class='ocrx_word' id='word_1_30' title='bbox 954 389 1100 438; x_wconf 87' lang='lat' dir='ltr'>scriptis</span> <span class='ocrx_word' id='word_1_31' title='bbox 1126 403 1188 427; x_wconf 89' lang='lat' dir='ltr'>me</span> <span class='ocrx_word' id='word_1_32' title='bbox 1213 392 1389 427; x_wconf 90' lang='lat' dir='ltr'>consolor</span> <span class='ocrx_word' id='word_1_33' title='bbox 1415 397 1457 427; x_wconf 92' lang='lat' dir='ltr'>ut</span> 
     </span>
     <span class='ocr_line' id='line_1_5' title="bbox 168 452 1457 501; baseline 0 -11"><span class='ocrx_word' id='word_1_34' title='bbox 168 453 262 490; x_wconf 86' lang='lat' dir='ltr'>nihil</span> <span class='ocrx_word' id='word_1_35' title='bbox 281 467 303 490; x_wconf 91' lang='lat' dir='ltr'>a</span> <span class='ocrx_word' id='word_1_36' title='bbox 323 467 383 491; x_wconf 89' lang='lat' dir='ltr'>me</span> <span class='ocrx_word' id='word_1_37' title='bbox 403 455 529 490; x_wconf 87' lang='lat' dir='ltr'>adhuc</span> <span class='ocrx_word' id='word_1_38' title='bbox 557 453 738 490; x_wconf 85' lang='lat' dir='ltr'>delictum</span> <span class='ocrx_word' id='word_1_39' title='bbox 766 461 910 501; x_wconf 87' lang='lat' dir='ltr'>putem.</span> <span class='ocrx_word' id='word_1_40' title='bbox 965 455 1025 489; x_wconf 93' lang='lat' dir='ltr'>Tu</span> <span class='ocrx_word' id='word_1_41' title='bbox 1052 454 1170 490; x_wconf 88' lang='lat' dir='ltr'>modo</span> <span class='ocrx_word' id='word_1_42' title='bbox 1194 452 1457 490; x_wconf 85' lang='lat' dir='ltr'>auctoritatem</span> 
     </span>
     <span class='ocr_line' id='line_1_6' title="bbox 169 515 1489 564; baseline 0.001 -11"><span class='ocrx_word' id='word_1_43' title='bbox 169 524 272 553; x_wconf 91' lang='lat' dir='ltr'>tuam</span> <span class='ocrx_word' id='word_1_44' title='bbox 302 517 525 563; x_wconf 84' lang='lat' dir='ltr'>defendito;</span> <span class='ocrx_word' id='word_1_45' title='bbox 562 517 742 553; x_wconf 85' lang='lat' dir='ltr'>adversus</span> <span class='ocrx_word' id='word_1_46' title='bbox 774 529 835 553; x_wconf 90' lang='lat' dir='ltr'>me</span> <span class='ocrx_word' id='word_1_47' title='bbox 868 515 962 552; x_wconf 87' lang='lat' dir='ltr'>nihil</span> <span class='ocrx_word' id='word_1_48' title='bbox 990 528 1086 564; x_wconf 90' lang='lat' dir='ltr'>opus</span> <span class='ocrx_word' id='word_1_49' title='bbox 1117 523 1173 552; x_wconf 89' lang='lat' dir='ltr'>est</span> <span class='ocrx_word' id='word_1_50' title='bbox 1199 517 1266 553; x_wconf 89' lang='lat' dir='ltr'>sed</span> <span class='ocrx_word' id='word_1_51' title='bbox 1296 516 1457 554; x_wconf 88' lang='lat' dir='ltr'>consciis</span> <span class='ocrx_word' id='word_1_52' title='bbox 1478 550 1489 559; x_wconf 48' lang='grc' dir='ltr'>ι</span> 
     </span>
     <span class='ocr_line' id='line_1_7' title="bbox 168 578 1459 628; baseline 0.001 -12"><span class='ocrx_word' id='word_1_53' title='bbox 168 593 261 628; x_wconf 92' lang='lat' dir='ltr'>egeo</span> <span class='ocrx_word' id='word_1_54' title='bbox 294 579 387 616; x_wconf 86' lang='lat' dir='ltr'>aliis.</span> <span class='ocrx_word' id='word_1_55' title='bbox 444 581 526 627; x_wconf 88' lang='lat' dir='ltr'>Ego</span> <span class='ocrx_word' id='word_1_56' title='bbox 556 579 586 616; x_wconf 92' lang='lat' dir='ltr'>si</span> <span class='ocrx_word' id='word_1_57' title='bbox 616 579 709 615; x_wconf 83' lang='lat' dir='ltr'>nihil</span> <span class='ocrx_word' id='word_1_58' title='bbox 742 578 907 627; x_wconf 86' lang='lat' dir='ltr'>peccavi,</span> <span class='ocrx_word' id='word_1_59' title='bbox 941 578 1085 627; x_wconf 88' lang='lat' dir='ltr'>reliqua</span> <span class='ocrx_word' id='word_1_60' title='bbox 1114 580 1260 616; x_wconf 88' lang='lat' dir='ltr'>tuebor.</span> <span class='ocrx_word' id='word_1_61' title='bbox 1315 581 1378 616; x_wconf 91' lang='lat' dir='ltr'>Ad</span> <span class='ocrx_word' id='word_1_62' title='bbox 1415 593 1459 617; x_wconf 85' lang='lat' dir='ltr'>ea</span> 
     </span>
     <span class='ocr_line' id='line_1_8' title="bbox 169 641 1458 690; baseline -0.001 -10"><span class='ocrx_word' id='word_1_63' title='bbox 169 650 248 680; x_wconf 90' lang='lat' dir='ltr'>tute</span> <span class='ocrx_word' id='word_1_64' title='bbox 281 644 429 680; x_wconf 87' lang='lat' dir='ltr'>hortare</span> <span class='ocrx_word' id='word_1_65' title='bbox 462 649 498 679; x_wconf 89' lang='lat' dir='ltr'>et</span> <span class='ocrx_word' id='word_1_66' title='bbox 530 655 589 679; x_wconf 90' lang='lat' dir='ltr'>me</span> <span class='ocrx_word' id='word_1_67' title='bbox 627 641 784 679; x_wconf 87' lang='lat' dir='ltr'>omnino</span> <span class='ocrx_word' id='word_1_68' title='bbox 815 649 879 678; x_wconf 87' lang='lat' dir='ltr'>tua</span> <span class='ocrx_word' id='word_1_69' title='bbox 911 641 1139 690; x_wconf 81' lang='lat' dir='ltr'>cogitatione</span> <span class='ocrx_word' id='word_1_70' title='bbox 1175 642 1324 679; x_wconf 89' lang='lat' dir='ltr'>adiuva.</span> <span class='ocrx_word' id='word_1_71' title='bbox 1380 643 1458 680; x_wconf 88' lang='lat' dir='ltr'>Hic</span> 
     </span>
     <span class='ocr_line' id='line_1_9' title="bbox 169 704 1458 753; baseline 0 -11"><span class='ocrx_word' id='word_1_72' title='bbox 169 705 358 742; x_wconf 87' lang='lat' dir='ltr'>nihildum</span> <span class='ocrx_word' id='word_1_73' title='bbox 391 706 440 742; x_wconf 88' lang='lat' dir='ltr'>de</span> <span class='ocrx_word' id='word_1_74' title='bbox 472 705 594 742; x_wconf 91' lang='lat' dir='ltr'>reditu</span> <span class='ocrx_word' id='word_1_75' title='bbox 628 704 799 743; x_wconf 78' lang='lat' dir='ltr'>Caesaris</span> <span class='ocrx_word' id='word_1_76' title='bbox 829 704 1066 742; x_wconf 80' lang='lat' dir='ltr'>audiebatur.</span> <span class='ocrx_word' id='word_1_77' title='bbox 1122 707 1204 753; x_wconf 89' lang='lat' dir='ltr'>Ego</span> <span class='ocrx_word' id='word_1_78' title='bbox 1234 705 1291 742; x_wconf 88' lang='lat' dir='ltr'>his</span> <span class='ocrx_word' id='word_1_79' title='bbox 1328 705 1458 753; x_wconf 80' lang='lat' dir='ltr'>litteris</span> 
     </span>
     <span class='ocr_line' id='line_1_10' title="bbox 170 767 1357 818; baseline -0.001 -12"><span class='ocrx_word' id='word_1_80' title='bbox 170 770 244 807; x_wconf 92' lang='lat' dir='ltr'>hoc</span> <span class='ocrx_word' id='word_1_81' title='bbox 264 776 391 806; x_wconf 84' lang='lat' dir='ltr'>tamen</span> <span class='ocrx_word' id='word_1_82' title='bbox 412 768 563 818; x_wconf 86' lang='lat' dir='ltr'>profeci,</span> <span class='ocrx_word' id='word_1_83' title='bbox 586 767 725 818; x_wconf 78' lang='lat' dir='ltr'>perlegi</span> <span class='ocrx_word' id='word_1_84' title='bbox 745 767 869 805; x_wconf 92' lang='lat' dir='ltr'>omnis</span> <span class='ocrx_word' id='word_1_85' title='bbox 889 775 971 805; x_wconf 87' lang='lat' dir='ltr'>tuas</span> <span class='ocrx_word' id='word_1_86' title='bbox 992 775 1029 805; x_wconf 86' lang='lat' dir='ltr'>et</span> <span class='ocrx_word' id='word_1_87' title='bbox 1048 768 1087 805; x_wconf 93' lang='lat' dir='ltr'>in</span> <span class='ocrx_word' id='word_1_88' title='bbox 1107 781 1153 806; x_wconf 92' lang='lat' dir='ltr'>eo</span> <span class='ocrx_word' id='word_1_89' title='bbox 1172 768 1357 817; x_wconf 86' lang='lat' dir='ltr'>acquievi.</span> 
     </span>
    </p>
   </div>
   <div class='ocr_carea' id='block_1_3' title="bbox 215 931 1192 1045">
    <p class='ocr_par' dir='ltr' id='par_1_3' title="bbox 215 931 1192 1045">
     <span class='ocr_line' id='line_1_11' title="bbox 215 931 1192 972; baseline -0.002 -7"><span class='ocrx_word' id='word_1_90' title='bbox 215 931 279 966; x_wconf 87' lang='lat' dir='ltr'>XI</span> <span class='ocrx_word' id='word_1_91' title='bbox 441 932 506 964; x_wconf 80' lang='lat' dir='ltr'>Scr.</span> <span class='ocrx_word' id='word_1_92' title='bbox 525 933 557 963; x_wconf 78' lang='lat' dir='ltr'>in</span> <span class='ocrx_word' id='word_1_93' title='bbox 574 933 750 964; x_wconf 62' lang='lat' dir='ltr'>formiano</span> <span class='ocrx_word' id='word_1_94' title='bbox 765 933 823 962; x_wconf 71' lang='lat' dir='ltr'>xiii</span> <span class='ocrx_word' id='word_1_95' title='bbox 836 933 879 962; x_wconf 90' lang='lat' dir='ltr'>K.</span> <span class='ocrx_word' id='word_1_96' title='bbox 896 932 976 971; x_wconf 79' lang='lat' dir='ltr'>Apr.</span> <span class='ocrx_word' id='word_1_97' title='bbox 994 943 1024 963; x_wconf 84' lang='lat' dir='ltr'>a.</span> <span class='ocrx_word' id='word_1_98' title='bbox 1045 942 1096 970; x_wconf 70' lang='grc' dir='ltr'><strong><em>7ο)-</em></strong></span> <span class='ocrx_word' id='word_1_99' title='bbox 1108 933 1192 972; x_wconf 66' lang='grc'>(49).</span> 
     </span>
     <span class='ocr_line' id='line_1_12' title="bbox 573 1011 1058 1045; baseline -0.002 -1"><span class='ocrx_word' id='word_1_100' title='bbox 573 1013 737 1045; x_wconf 81' lang='lat' dir='ltr'>CICERO</span> <span class='ocrx_word' id='word_1_101' title='bbox 759 1012 934 1043; x_wconf 81' lang='lat' dir='ltr'><em>ATTICO</em></span> <span class='ocrx_word' id='word_1_102' title='bbox 956 1011 1058 1043; x_wconf 66' lang='lat' dir='ltr'>SAL.</span> 
     </span>
    </p>
   </div>
   <div class='ocr_carea' id='block_1_4' title="bbox 132 1093 1466 2222">
    <p class='ocr_par' dir='ltr' id='par_1_4' title="bbox 140 1093 1462 1589">
     <span class='ocr_line' id='line_1_13' title="bbox 140 1093 1460 1141; baseline -0.002 -9"><span class='ocrx_word' id='word_1_103' title='bbox 140 1106 156 1132; x_wconf 91' lang='lat'>1</span> <span class='ocrx_word' id='word_1_104' title='bbox 228 1097 433 1135; x_wconf 87' lang='lat' dir='ltr'>Lentulum</span> <span class='ocrx_word' id='word_1_105' title='bbox 471 1102 641 1133; x_wconf 90' lang='lat' dir='ltr'>nostrum</span> <span class='ocrx_word' id='word_1_106' title='bbox 680 1094 751 1131; x_wconf 89' lang='lat' dir='ltr'>scis</span> <span class='ocrx_word' id='word_1_107' title='bbox 790 1093 957 1130; x_wconf 83' lang='lat' dir='ltr'>Puteolis</span> <span class='ocrx_word' id='word_1_108' title='bbox 995 1094 1108 1131; x_wconf 89' lang='lat' dir='ltr'>esse?</span> <span class='ocrx_word' id='word_1_109' title='bbox 1164 1094 1281 1141; x_wconf 88' lang='lat' dir='ltr'>Quod</span> <span class='ocrx_word' id='word_1_110' title='bbox 1314 1106 1401 1131; x_wconf 89' lang='lat' dir='ltr'>cum</span> <span class='ocrx_word' id='word_1_111' title='bbox 1439 1107 1460 1131; x_wconf 89' lang='lat' dir='ltr'>e</span> 
     </span>
     <span class='ocr_line' id='line_1_14' title="bbox 175 1156 1457 1208; baseline -0.002 -11"><span class='ocrx_word' id='word_1_112' title='bbox 175 1161 316 1198; x_wconf 88' lang='lat' dir='ltr'>viatore</span> <span class='ocrx_word' id='word_1_113' title='bbox 336 1160 504 1208; x_wconf 89' lang='lat' dir='ltr'>quodam</span> <span class='ocrx_word' id='word_1_114' title='bbox 525 1166 623 1196; x_wconf 84' lang='lat' dir='ltr'>esset</span> <span class='ocrx_word' id='word_1_115' title='bbox 643 1157 815 1195; x_wconf 90' lang='lat' dir='ltr'>auditum</span> <span class='ocrx_word' id='word_1_116' title='bbox 836 1156 901 1205; x_wconf 94' lang='lat' dir='ltr'>qui</span> <span class='ocrx_word' id='word_1_117' title='bbox 928 1170 967 1194; x_wconf 88' lang='lat' dir='ltr'>se</span> <span class='ocrx_word' id='word_1_118' title='bbox 993 1156 1135 1194; x_wconf 88' lang='lat' dir='ltr'>diceret</span> <span class='ocrx_word' id='word_1_119' title='bbox 1155 1170 1242 1194; x_wconf 91' lang='lat' dir='ltr'>eum</span> <span class='ocrx_word' id='word_1_120' title='bbox 1262 1156 1301 1194; x_wconf 91' lang='lat' dir='ltr'>in</span> <span class='ocrx_word' id='word_1_121' title='bbox 1320 1157 1457 1206; x_wconf 88' lang='lat' dir='ltr'>Appia,</span> 
     </span>
     <span class='ocr_line' id='line_1_15' title="bbox 174 1220 1460 1271; baseline -0.003 -10"><span class='ocrx_word' id='word_1_122' title='bbox 174 1237 261 1261; x_wconf 89' lang='lat' dir='ltr'>cum</span> <span class='ocrx_word' id='word_1_123' title='bbox 291 1224 321 1261; x_wconf 90' lang='lat' dir='ltr'>is</span> <span class='ocrx_word' id='word_1_124' title='bbox 350 1224 505 1271; x_wconf 90' lang='lat' dir='ltr'>paulum</span> <span class='ocrx_word' id='word_1_125' title='bbox 535 1221 708 1259; x_wconf 86' lang='lat' dir='ltr'>lecticam</span> <span class='ocrx_word' id='word_1_126' title='bbox 736 1221 953 1269; x_wconf 88' lang='lat' dir='ltr'>aperuisset,</span> <span class='ocrx_word' id='word_1_127' title='bbox 976 1233 1172 1269; x_wconf 82' lang='lat' dir='ltr'>cognosse,</span> <span class='ocrx_word' id='word_1_128' title='bbox 1195 1220 1264 1258; x_wconf 90' lang='lat' dir='ltr'>etsi</span> <span class='ocrx_word' id='word_1_129' title='bbox 1292 1220 1352 1257; x_wconf 87' lang='lat' dir='ltr'>vix</span> <span class='ocrx_word' id='word_1_130' title='bbox 1384 1221 1460 1258; x_wconf 88' lang='lat' dir='ltr'>veri</span> 
     </span>
     <span class='ocr_line' id='line_1_16' title="bbox 175 1283 1460 1333; baseline -0.002 -9"><span class='ocrx_word' id='word_1_131' title='bbox 175 1287 296 1325; x_wconf 87' lang='lat' dir='ltr'>simile</span> <span class='ocrx_word' id='word_1_132' title='bbox 328 1292 388 1332; x_wconf 80' lang='lat' dir='ltr'>est,</span> <span class='ocrx_word' id='word_1_133' title='bbox 420 1285 504 1322; x_wconf 86' lang='lat' dir='ltr'>misi</span> <span class='ocrx_word' id='word_1_134' title='bbox 534 1293 660 1322; x_wconf 89' lang='lat' dir='ltr'>tamen</span> <span class='ocrx_word' id='word_1_135' title='bbox 694 1286 872 1322; x_wconf 88' lang='lat' dir='ltr'>Puteolos</span> <span class='ocrx_word' id='word_1_136' title='bbox 903 1297 1039 1332; x_wconf 86' lang='lat' dir='ltr'>pueros</span> <span class='ocrx_word' id='word_1_137' title='bbox 1071 1283 1136 1332; x_wconf 91' lang='lat' dir='ltr'>qui</span> <span class='ocrx_word' id='word_1_138' title='bbox 1167 1284 1460 1333; x_wconf 84' lang='lat' dir='ltr'>pervestigarent</span> 
     </span>
     <span class='ocr_line' id='line_1_17' title="bbox 174 1347 1461 1388; baseline -0.003 0"><span class='ocrx_word' id='word_1_139' title='bbox 174 1358 211 1388; x_wconf 89' lang='lat' dir='ltr'>et</span> <span class='ocrx_word' id='word_1_140' title='bbox 230 1352 278 1388; x_wconf 90' lang='lat' dir='ltr'>ad</span> <span class='ocrx_word' id='word_1_141' title='bbox 299 1363 387 1387; x_wconf 88' lang='lat' dir='ltr'>eum</span> <span class='ocrx_word' id='word_1_142' title='bbox 407 1349 557 1386; x_wconf 85' lang='lat' dir='ltr'>litteras.</span> <span class='ocrx_word' id='word_1_143' title='bbox 617 1349 799 1385; x_wconf 91' lang='lat' dir='ltr'>Inventus</span> <span class='ocrx_word' id='word_1_144' title='bbox 823 1355 879 1385; x_wconf 90' lang='lat' dir='ltr'>est</span> <span class='ocrx_word' id='word_1_145' title='bbox 907 1347 967 1385; x_wconf 89' lang='lat' dir='ltr'>vix</span> <span class='ocrx_word' id='word_1_146' title='bbox 986 1347 1024 1384; x_wconf 91' lang='lat' dir='ltr'>in</span> <span class='ocrx_word' id='word_1_147' title='bbox 1051 1347 1168 1385; x_wconf 90' lang='lat' dir='ltr'>hortis</span> <span class='ocrx_word' id='word_1_148' title='bbox 1189 1347 1265 1384; x_wconf 89' lang='lat' dir='ltr'>suis</span> <span class='ocrx_word' id='word_1_149' title='bbox 1284 1361 1319 1384; x_wconf 83' lang='lat' dir='ltr'>se</span> <span class='ocrx_word' id='word_1_150' title='bbox 1338 1349 1461 1385; x_wconf 90' lang='lat' dir='ltr'>occul-</span> 
     </span>
     <span class='ocr_line' id='line_1_18' title="bbox 174 1411 1462 1461; baseline -0.002 -10"><span class='ocrx_word' id='word_1_151' title='bbox 174 1422 257 1452; x_wconf 87' lang='lat' dir='ltr'>tans</span> <span class='ocrx_word' id='word_1_152' title='bbox 278 1414 495 1461; x_wconf 83' lang='lat' dir='ltr'>litterasque</span> <span class='ocrx_word' id='word_1_153' title='bbox 516 1412 607 1449; x_wconf 88' lang='lat' dir='ltr'>mihi</span> <span class='ocrx_word' id='word_1_154' title='bbox 629 1411 771 1449; x_wconf 85' lang='lat' dir='ltr'>remisit</span> <span class='ocrx_word' id='word_1_155' title='bbox 798 1411 955 1448; x_wconf 89' lang='lat' dir='ltr'>mirifice</span> <span class='ocrx_word' id='word_1_156' title='bbox 980 1411 1115 1460; x_wconf 87' lang='lat' dir='ltr'>gratias</span> <span class='ocrx_word' id='word_1_157' title='bbox 1141 1424 1257 1460; x_wconf 87' lang='lat' dir='ltr'>agens</span> <span class='ocrx_word' id='word_1_158' title='bbox 1282 1412 1434 1450; x_wconf 86' lang='lat' dir='ltr'>Caesari</span> <span class='ocrx_word' id='word_1_159' title='bbox 1452 1426 1462 1458; x_wconf 78' lang='lat'><em>3</em></span> 
     </span>
     <span class='ocr_line' id='line_1_19' title="bbox 173 1474 1457 1515; baseline -0.002 0"><span class='ocrx_word' id='word_1_160' title='bbox 173 1479 222 1515; x_wconf 93' lang='lat' dir='ltr'>de</span> <span class='ocrx_word' id='word_1_161' title='bbox 250 1490 319 1514; x_wconf 91' lang='lat' dir='ltr'>suo</span> <span class='ocrx_word' id='word_1_162' title='bbox 347 1483 475 1513; x_wconf 89' lang='lat' dir='ltr'>autem</span> <span class='ocrx_word' id='word_1_163' title='bbox 504 1475 663 1512; x_wconf 88' lang='lat' dir='ltr'>consilio</span> <span class='ocrx_word' id='word_1_164' title='bbox 693 1476 734 1513; x_wconf 94' lang='lat' dir='ltr'>C.</span> <span class='ocrx_word' id='word_1_165' title='bbox 760 1474 896 1513; x_wconf 87' lang='lat' dir='ltr'>Caesio</span> <span class='ocrx_word' id='word_1_166' title='bbox 921 1476 1101 1512; x_wconf 86' lang='lat' dir='ltr'>mandata</span> <span class='ocrx_word' id='word_1_167' title='bbox 1129 1476 1178 1512; x_wconf 90' lang='lat' dir='ltr'>ad</span> <span class='ocrx_word' id='word_1_168' title='bbox 1207 1488 1268 1512; x_wconf 90' lang='lat' dir='ltr'>me</span> <span class='ocrx_word' id='word_1_169' title='bbox 1297 1474 1457 1512; x_wconf 89' lang='lat' dir='ltr'>dedisse.</span> 
     </span>
     <span class='ocr_line' id='line_1_20' title="bbox 175 1538 1276 1589; baseline -0.002 -11"><span class='ocrx_word' id='word_1_170' title='bbox 175 1542 274 1578; x_wconf 88' lang='lat' dir='ltr'>Eum</span> <span class='ocrx_word' id='word_1_171' title='bbox 296 1552 365 1588; x_wconf 88' lang='lat' dir='ltr'>ego</span> <span class='ocrx_word' id='word_1_172' title='bbox 385 1538 500 1576; x_wconf 88' lang='lat' dir='ltr'>hodie</span> <span class='ocrx_word' id='word_1_173' title='bbox 520 1538 798 1589; x_wconf 79' lang='lat' dir='ltr'>exspectabam,</span> <span class='ocrx_word' id='word_1_174' title='bbox 822 1538 860 1575; x_wconf 92' lang='lat' dir='ltr'>id</span> <span class='ocrx_word' id='word_1_175' title='bbox 880 1545 936 1575; x_wconf 86' lang='lat' dir='ltr'>est</span> <span class='ocrx_word' id='word_1_176' title='bbox 956 1550 1030 1575; x_wconf 84' lang='lat' dir='ltr'>XIII</span> <span class='ocrx_word' id='word_1_177' title='bbox 1055 1540 1104 1575; x_wconf 88' lang='lat' dir='ltr'>K.</span> <span class='ocrx_word' id='word_1_178' title='bbox 1127 1539 1276 1588; x_wconf 88' lang='lat' dir='ltr'>Aprilis.</span> 
     </span>
    </p>

    <p class='ocr_par' dir='ltr' id='par_1_5' title="bbox 132 1601 1466 2222">
     <span class='ocr_line' id='line_1_21' title="bbox 132 1601 1462 1650; baseline 0.001 -10"><span class='ocrx_word' id='word_1_179' title='bbox 132 1613 157 1640; x_wconf 87' lang='lat'>2</span> <span class='ocrx_word' id='word_1_180' title='bbox 226 1602 341 1640; x_wconf 91' lang='lat' dir='ltr'>Venit</span> <span class='ocrx_word' id='word_1_181' title='bbox 367 1601 480 1639; x_wconf 90' lang='lat' dir='ltr'>etiam</span> <span class='ocrx_word' id='word_1_182' title='bbox 500 1602 549 1638; x_wconf 91' lang='lat' dir='ltr'>ad</span> <span class='ocrx_word' id='word_1_183' title='bbox 570 1614 631 1637; x_wconf 88' lang='lat' dir='ltr'>me</span> <span class='ocrx_word' id='word_1_184' title='bbox 653 1601 794 1638; x_wconf 88' lang='lat' dir='ltr'>Matius</span> <span class='ocrx_word' id='word_1_185' title='bbox 821 1601 1134 1650; x_wconf 85' lang='lat' dir='ltr'>Quinquatribus,</span> <span class='ocrx_word' id='word_1_186' title='bbox 1158 1604 1275 1641; x_wconf 90' lang='lat' dir='ltr'>homo</span> <span class='ocrx_word' id='word_1_187' title='bbox 1302 1617 1363 1641; x_wconf 92' lang='lat' dir='ltr'>me</span> <span class='ocrx_word' id='word_1_188' title='bbox 1382 1604 1462 1641; x_wconf 88' lang='lat' dir='ltr'>her-</span> 
     </span>
     <span class='ocr_line' id='line_1_22' title="bbox 175 1664 1461 1715; baseline 0.001 -12"><span class='ocrx_word' id='word_1_189' title='bbox 175 1667 270 1711; x_wconf 88' lang='lat' dir='ltr'>cule,</span> <span class='ocrx_word' id='word_1_190' title='bbox 292 1672 333 1702; x_wconf 92' lang='lat' dir='ltr'>ut</span> <span class='ocrx_word' id='word_1_191' title='bbox 359 1664 451 1701; x_wconf 89' lang='lat' dir='ltr'>mihi</span> <span class='ocrx_word' id='word_1_192' title='bbox 471 1664 572 1701; x_wconf 89' lang='lat' dir='ltr'>visus</span> <span class='ocrx_word' id='word_1_193' title='bbox 602 1671 666 1710; x_wconf 85' lang='lat' dir='ltr'>est,</span> <span class='ocrx_word' id='word_1_194' title='bbox 690 1672 921 1714; x_wconf 87' lang='lat' dir='ltr'>temperatus</span> <span class='ocrx_word' id='word_1_195' title='bbox 946 1673 983 1703; x_wconf 89' lang='lat' dir='ltr'>et</span> <span class='ocrx_word' id='word_1_196' title='bbox 1009 1668 1176 1715; x_wconf 91' lang='lat' dir='ltr'>prudens</span> <span class='ocrx_word' id='word_1_197' title='bbox 1191 1681 1200 1714; x_wconf 79' lang='lat'><em>3</em></span> <span class='ocrx_word' id='word_1_198' title='bbox 1229 1667 1461 1704; x_wconf 84' lang='lat' dir='ltr'>existimatus</span> 
     </span>
     <span class='ocr_line' id='line_1_23' title="bbox 175 1728 1463 1780; baseline 0.002 -15"><span class='ocrx_word' id='word_1_199' title='bbox 175 1728 331 1778; x_wconf 92' lang='lat' dir='ltr'>quidem</span> <span class='ocrx_word' id='word_1_200' title='bbox 352 1736 407 1765; x_wconf 88' lang='lat' dir='ltr'>est</span> <span class='ocrx_word' id='word_1_201' title='bbox 428 1741 576 1776; x_wconf 89' lang='lat' dir='ltr'>semper</span> <span class='ocrx_word' id='word_1_202' title='bbox 595 1735 726 1765; x_wconf 85' lang='lat' dir='ltr'>auctor</span> <span class='ocrx_word' id='word_1_203' title='bbox 746 1728 809 1765; x_wconf 85' lang='lat' dir='ltr'>oti.</span> <span class='ocrx_word' id='word_1_204' title='bbox 868 1732 995 1778; x_wconf 87' lang='lat' dir='ltr'>Quam</span> <span class='ocrx_word' id='word_1_205' title='bbox 1022 1730 1083 1767; x_wconf 91' lang='lat' dir='ltr'>ille</span> <span class='ocrx_word' id='word_1_206' title='bbox 1109 1732 1182 1768; x_wconf 90' lang='lat' dir='ltr'>hoc</span> <span class='ocrx_word' id='word_1_207' title='bbox 1206 1744 1283 1767; x_wconf 91' lang='lat' dir='ltr'>non</span> <span class='ocrx_word' id='word_1_208' title='bbox 1304 1732 1463 1780; x_wconf 89' lang='lat' dir='ltr'>probare</span> 
     </span>
     <span class='ocr_line' id='line_1_24' title="bbox 176 1791 1460 1843; baseline 0.002 -14"><span class='ocrx_word' id='word_1_209' title='bbox 176 1791 268 1829; x_wconf 94' lang='lat' dir='ltr'>mihi</span> <span class='ocrx_word' id='word_1_210' title='bbox 298 1791 453 1840; x_wconf 90' lang='lat' dir='ltr'>quidem</span> <span class='ocrx_word' id='word_1_211' title='bbox 483 1791 583 1828; x_wconf 83' lang='lat' dir='ltr'>visus</span> <span class='ocrx_word' id='word_1_212' title='bbox 612 1800 677 1836; x_wconf 90' lang='lat' dir='ltr'>est,</span> <span class='ocrx_word' id='word_1_213' title='bbox 701 1806 816 1840; x_wconf 86' lang='lat' dir='ltr'>quam</span> <span class='ocrx_word' id='word_1_214' title='bbox 846 1794 947 1830; x_wconf 92' lang='lat' dir='ltr'>illam</span> <span class='ocrx_word' id='word_1_215' title='bbox 977 1796 1123 1839; x_wconf 78' lang='grc' dir='ltr'>νέκυιαν,</span> <span class='ocrx_word' id='word_1_216' title='bbox 1146 1802 1186 1831; x_wconf 88' lang='lat' dir='ltr'>ut</span> <span class='ocrx_word' id='word_1_217' title='bbox 1215 1802 1254 1831; x_wconf 93' lang='lat' dir='ltr'>tu</span> <span class='ocrx_word' id='word_1_218' title='bbox 1283 1796 1460 1843; x_wconf 90' lang='lat' dir='ltr'>appellas,</span> 
     </span>
     <span class='ocr_line' id='line_1_25' title="bbox 178 1854 1463 1905; baseline 0.001 -12"><span class='ocrx_word' id='word_1_219' title='bbox 178 1856 332 1893; x_wconf 77' lang='lat' dir='ltr'>timere!</span> <span class='ocrx_word' id='word_1_220' title='bbox 390 1854 494 1892; x_wconf 91' lang='lat' dir='ltr'>Huic</span> <span class='ocrx_word' id='word_1_221' title='bbox 532 1868 601 1903; x_wconf 89' lang='lat' dir='ltr'>ego</span> <span class='ocrx_word' id='word_1_222' title='bbox 640 1855 677 1891; x_wconf 91' lang='lat' dir='ltr'>in</span> <span class='ocrx_word' id='word_1_223' title='bbox 716 1858 836 1894; x_wconf 91' lang='lat' dir='ltr'>multo</span> <span class='ocrx_word' id='word_1_224' title='bbox 875 1870 1049 1895; x_wconf 90' lang='lat' dir='ltr'>sermone</span> <span class='ocrx_word' id='word_1_225' title='bbox 1087 1858 1286 1905; x_wconf 88' lang='lat' dir='ltr'>epistulam</span> <span class='ocrx_word' id='word_1_226' title='bbox 1319 1859 1368 1895; x_wconf 88' lang='lat' dir='ltr'>ad</span> <span class='ocrx_word' id='word_1_227' title='bbox 1402 1870 1463 1894; x_wconf 89' lang='lat' dir='ltr'>me</span> 
     </span>
     <span class='ocr_line' id='line_1_26' title="bbox 179 1918 1459 1968; baseline -0.001 -11"><span class='ocrx_word' id='word_1_228' title='bbox 179 1918 350 1957; x_wconf 87' lang='lat' dir='ltr'>Caesaris</span> <span class='ocrx_word' id='word_1_229' title='bbox 384 1919 545 1965; x_wconf 79' lang='lat' dir='ltr'>ostendi,</span> <span class='ocrx_word' id='word_1_230' title='bbox 573 1932 656 1956; x_wconf 84' lang='lat' dir='ltr'>eam</span> <span class='ocrx_word' id='word_1_231' title='bbox 691 1919 797 1957; x_wconf 88' lang='lat' dir='ltr'>cuius</span> <span class='ocrx_word' id='word_1_232' title='bbox 831 1922 1046 1968; x_wconf 77' lang='lat' dir='ltr'>exemplum</span> <span class='ocrx_word' id='word_1_233' title='bbox 1076 1921 1125 1957; x_wconf 88' lang='lat' dir='ltr'>ad</span> <span class='ocrx_word' id='word_1_234' title='bbox 1159 1928 1195 1958; x_wconf 84' lang='lat' dir='ltr'>te</span> <span class='ocrx_word' id='word_1_235' title='bbox 1224 1928 1336 1958; x_wconf 88' lang='lat' dir='ltr'>antea</span> <span class='ocrx_word' id='word_1_236' title='bbox 1366 1920 1459 1966; x_wconf 88' lang='lat' dir='ltr'>misi,</span> 
     </span>
     <span class='ocr_line' id='line_1_27' title="bbox 179 1982 1451 2032; baseline 0.002 -14"><span class='ocrx_word' id='word_1_237' title='bbox 179 1982 382 2030; x_wconf 88' lang='lat' dir='ltr'>rogavique</span> <span class='ocrx_word' id='word_1_238' title='bbox 411 1989 451 2019; x_wconf 92' lang='lat' dir='ltr'>ut</span> <span class='ocrx_word' id='word_1_239' title='bbox 479 1983 784 2032; x_wconf 84' lang='lat' dir='ltr'>interpretaretur</span> <span class='ocrx_word' id='word_1_240' title='bbox 814 1983 905 2031; x_wconf 91' lang='lat' dir='ltr'>quid</span> <span class='ocrx_word' id='word_1_241' title='bbox 933 1991 1031 2020; x_wconf 90' lang='lat' dir='ltr'>esset</span> <span class='ocrx_word' id='word_1_242' title='bbox 1055 1985 1158 2032; x_wconf 91' lang='lat' dir='ltr'>quod</span> <span class='ocrx_word' id='word_1_243' title='bbox 1185 1983 1246 2021; x_wconf 90' lang='lat' dir='ltr'>ille</span> <span class='ocrx_word' id='word_1_244' title='bbox 1273 1984 1451 2021; x_wconf 89' lang='lat' dir='ltr'>scriberet</span> 
     </span>
     <span class='ocr_line' id='line_1_28' title="bbox 182 2045 1466 2096; baseline 0.002 -14"><span class='ocrx_word' id='word_1_245' title='bbox 182 2045 364 2082; x_wconf 87' lang='lat' dir='ltr'>‘consilio</span> <span class='ocrx_word' id='word_1_246' title='bbox 392 2059 478 2083; x_wconf 87' lang='lat' dir='ltr'>meo</span> <span class='ocrx_word' id='word_1_247' title='bbox 505 2060 544 2083; x_wconf 89' lang='lat' dir='ltr'>se</span> <span class='ocrx_word' id='word_1_248' title='bbox 570 2047 624 2083; x_wconf 91' lang='lat' dir='ltr'>uti</span> <span class='ocrx_word' id='word_1_249' title='bbox 649 2048 754 2091; x_wconf 87' lang='lat' dir='ltr'>velle,</span> <span class='ocrx_word' id='word_1_250' title='bbox 786 2046 912 2093; x_wconf 87' lang='lat' dir='ltr'>gratia,</span> <span class='ocrx_word' id='word_1_251' title='bbox 945 2046 1138 2095; x_wconf 88' lang='lat' dir='ltr'>dignitate,</span> <span class='ocrx_word' id='word_1_252' title='bbox 1169 2060 1242 2096; x_wconf 90' lang='lat' dir='ltr'>ope</span> <span class='ocrx_word' id='word_1_253' title='bbox 1275 2061 1396 2085; x_wconf 89' lang='lat' dir='ltr'>rerum</span> <span class='ocrx_word' id='word_1_254' title='bbox 1429 2062 1466 2086; x_wconf 93' lang='lat' dir='ltr'>o-</span> 
     </span>
     <span class='ocr_line' id='line_1_29' title="bbox 180 2108 1465 2159; baseline 0.003 -15"><span class='ocrx_word' id='word_1_255' title='bbox 180 2108 350 2146; x_wconf 86' lang='lat' dir='ltr'>mnium.’</span> <span class='ocrx_word' id='word_1_256' title='bbox 386 2109 601 2157; x_wconf 89' lang='lat' dir='ltr'>Respondit</span> <span class='ocrx_word' id='word_1_257' title='bbox 619 2122 657 2146; x_wconf 89' lang='lat' dir='ltr'>se</span> <span class='ocrx_word' id='word_1_258' title='bbox 675 2122 752 2146; x_wconf 85' lang='lat' dir='ltr'>non</span> <span class='ocrx_word' id='word_1_259' title='bbox 770 2109 943 2146; x_wconf 90' lang='lat' dir='ltr'>dubitare</span> <span class='ocrx_word' id='word_1_260' title='bbox 960 2109 1052 2157; x_wconf 90' lang='lat' dir='ltr'>quin</span> <span class='ocrx_word' id='word_1_261' title='bbox 1068 2117 1103 2147; x_wconf 94' lang='lat' dir='ltr'>et</span> <span class='ocrx_word' id='word_1_262' title='bbox 1120 2123 1231 2158; x_wconf 84' lang='lat' dir='ltr'>opem</span> <span class='ocrx_word' id='word_1_263' title='bbox 1253 2118 1289 2148; x_wconf 86' lang='lat' dir='ltr'>et</span> <span class='ocrx_word' id='word_1_264' title='bbox 1308 2111 1465 2159; x_wconf 86' lang='lat' dir='ltr'>gratiam</span> 
     </span>
     <span class='ocr_line' id='line_1_30' title="bbox 181 2172 1465 2222; baseline 0.002 -14"><span class='ocrx_word' id='word_1_265' title='bbox 181 2184 306 2209; x_wconf 90' lang='lat' dir='ltr'>meam</span> <span class='ocrx_word' id='word_1_266' title='bbox 339 2172 401 2209; x_wconf 90' lang='lat' dir='ltr'>ille</span> <span class='ocrx_word' id='word_1_267' title='bbox 431 2174 479 2209; x_wconf 85' lang='lat' dir='ltr'>ad</span> <span class='ocrx_word' id='word_1_268' title='bbox 513 2172 816 2221; x_wconf 84' lang='lat' dir='ltr'>pacificationem</span> <span class='ocrx_word' id='word_1_269' title='bbox 855 2180 1059 2220; x_wconf 82' lang='lat' dir='ltr'>quaereret.</span> <span class='ocrx_word' id='word_1_270' title='bbox 1117 2172 1271 2210; x_wconf 88' lang='lat' dir='ltr'>Vtinam</span> <span class='ocrx_word' id='word_1_271' title='bbox 1309 2174 1465 2222; x_wconf 92' lang='lat' dir='ltr'>aliquod</span> 
     </span>
    </p>
   </div>
   <div class='ocr_carea' id='block_1_5' title="bbox 184 2273 1467 2399">
    <p class='ocr_par' dir='ltr' id='par_1_6' title="bbox 184 2273 1467 2399">
     <span class='ocr_line' id='line_1_31' title="bbox 229 2273 1467 2313; baseline 0.002 -10"><span class='ocrx_word' id='word_1_272' title='bbox 229 2285 265 2312; x_wconf 81' lang='lat'>15</span> <span class='ocrx_word' id='word_1_273' title='bbox 290 2279 339 2304; x_wconf 89' lang='lat' dir='ltr'>est</span> <span class='ocrx_word' id='word_1_274' title='bbox 356 2274 428 2305; x_wconf 81' lang='lat' dir='ltr'>add.</span> <span class='ocrx_word' id='word_1_275' title='bbox 447 2274 530 2304; x_wconf 74' lang='lat' dir='ltr'>Reid</span> <span class='ocrx_word' id='word_1_276' title='bbox 541 2273 586 2304; x_wconf 82' lang='lat' dir='ltr'>ad</span> <span class='ocrx_word' id='word_1_277' title='bbox 599 2273 700 2304; x_wconf 83' lang='lat' dir='ltr'>Acad.</span> <span class='ocrx_word' id='word_1_278' title='bbox 722 2274 753 2304; x_wconf 88' lang='lat' dir='ltr'>ii.</span> <span class='ocrx_word' id='word_1_279' title='bbox 771 2283 789 2310; x_wconf 86' lang='lat'><strong>3</strong></span> <span class='ocrx_word' id='word_1_280' title='bbox 888 2274 925 2303; x_wconf 88' lang='lat'>16</span> <span class='ocrx_word' id='word_1_281' title='bbox 948 2274 1013 2303; x_wconf 87' lang='lat' dir='ltr'>suis</span> <span class='ocrx_word' id='word_1_282' title='bbox 1029 2284 1064 2303; x_wconf 86' lang='lat' dir='ltr'>se</span> <span class='ocrx_word' id='word_1_283' title='bbox 1081 2274 1165 2313; x_wconf 79' lang='lat' dir='ltr'>vulg.</span> <span class='ocrx_word' id='word_1_284' title='bbox 1182 2285 1189 2303; x_wconf 91' lang='lat'>:</span> <span class='ocrx_word' id='word_1_285' title='bbox 1213 2283 1288 2305; x_wconf 87' lang='lat' dir='ltr'>sues</span> <span class='ocrx_word' id='word_1_286' title='bbox 1304 2274 1344 2303; x_wconf 94' lang='lat' dir='ltr'><em>M</em></span> <span class='ocrx_word' id='word_1_287' title='bbox 1430 2277 1467 2305; x_wconf 91' lang='lat'>18</span> 
     </span>
     <span class='ocr_line' id='line_1_32' title="bbox 184 2315 1466 2357; baseline 0.001 -11"><span class='ocrx_word' id='word_1_288' title='bbox 184 2317 302 2346; x_wconf 88' lang='lat' dir='ltr'>Caesio</span> <span class='ocrx_word' id='word_1_289' title='bbox 326 2316 483 2351; x_wconf 68' lang='lat' dir='ltr'>Schmidt,</span> <span class='ocrx_word' id='word_1_290' title='bbox 508 2316 543 2355; x_wconf 85' lang='lat' dir='ltr'>cs.</span> <span class='ocrx_word' id='word_1_291' title='bbox 568 2315 614 2346; x_wconf 82' lang='lat' dir='ltr'>ad</span> <span class='ocrx_word' id='word_1_292' title='bbox 637 2326 683 2353; x_wconf 87' lang='lat'>13.</span> <span class='ocrx_word' id='word_1_293' title='bbox 704 2326 743 2353; x_wconf 84' lang='lat'>7:</span> <span class='ocrx_word' id='word_1_294' title='bbox 766 2316 862 2345; x_wconf 89' lang='lat' dir='ltr'>Cetio</span> <span class='ocrx_word' id='word_1_295' title='bbox 884 2315 940 2346; x_wconf 89' lang='lat' dir='ltr'>M:</span> <span class='ocrx_word' id='word_1_296' title='bbox 973 2316 1093 2346; x_wconf 88' lang='lat' dir='ltr'>Caecio</span> <span class='ocrx_word' id='word_1_297' title='bbox 1117 2315 1208 2349; x_wconf 84' lang='lat' dir='ltr'>Man.</span> <span class='ocrx_word' id='word_1_298' title='bbox 1344 2327 1382 2357; x_wconf 91' lang='lat'>19</span> <span class='ocrx_word' id='word_1_299' title='bbox 1405 2326 1466 2350; x_wconf 86' lang='lat' dir='ltr'>x111</span> 
     </span>
     <span class='ocr_line' id='line_1_33' title="bbox 184 2357 1028 2399; baseline -0.001 -11"><span class='ocrx_word' id='word_1_300' title='bbox 184 2358 318 2391; x_wconf 73' lang='lat' dir='ltr'>Rosius:</span> <span class='ocrx_word' id='word_1_301' title='bbox 344 2368 415 2389; x_wconf 82' lang='lat' dir='ltr'>xrm</span> <span class='ocrx_word' id='word_1_302' title='bbox 435 2357 475 2389; x_wconf 90' lang='lat' dir='ltr'><em>M</em></span> <span class='ocrx_word' id='word_1_303' title='bbox 598 2368 638 2389; x_wconf 80' lang='lat'>22</span> <span class='ocrx_word' id='word_1_304' title='bbox 663 2359 742 2389; x_wconf 86' lang='lat' dir='ltr'>hacc</span> <span class='ocrx_word' id='word_1_305' title='bbox 758 2362 826 2390; x_wconf 76' lang='lat' dir='ltr'><em>vett.</em></span> <span class='ocrx_word' id='word_1_306' title='bbox 847 2357 1028 2399; x_wconf 71' lang='lat' dir='ltr'>chsenbetg</span> 
     </span>
    </p>
   </div>
  </div>
 </body>
</html>
