1690 2710
565 134 674 169 EPP.
706 133 781 169 AD
810 132 1061 170 ATTICVM
1344 131 1449 166 XVI.
1473 129 1516 165 xi

162 239 200 276 in
241 240 287 276 D.
322 240 510 277 Brutum?
575 238 625 276 Di
663 238 768 276 istis!
829 241 911 288 Ego
950 252 1021 284 me,
1060 246 1101 275 ut
1138 237 1371 287 scripseram,
1411 236 1494 274 in6

164 301 442 351 Pompeianum
470 314 548 340 non
581 301 713 339 abdidi
744 301 867 350 primo
901 300 1191 350 tempestatibus
1225 299 1364 349 quibus
1398 298 1449 336 nil

162 364 342 411 taetrius;
370 363 510 402 deinde
538 365 587 402 ab
616 363 828 403 Octaviano
855 363 995 402 cotidie
1021 364 1165 401 litterae
1192 371 1232 401 ut
1256 362 1450 411 negotium

162 426 406 476 susciperem,
434 428 606 476 Capuam
636 426 818 474 venirem,
838 426 973 464 iterum
1003 440 1081 464 rem
1110 425 1303 475 publicam
1332 438 1452 463 serva-

124 499 141 532 5
161 502 250 536 rem,
276 491 440 527 Romam
460 490 591 539 utique
611 489 748 527 statim.

344 553 517 591 Αἴδεσθεν
543 555 609 602 μὲν
636 553 834 602 ἀνήνασθαι
862 553 984 591 δεῖσαν
1011 553 1042 591 δ’
1069 552 1273 603 ὑποδέχθαι.

163 617 201 653 Is
232 623 359 654 tamen
390 615 465 664 egit
495 628 586 653 sane
616 623 768 653 strenue
801 623 838 653 et
867 615 952 664 agit.
1012 617 1178 653 Romam
1208 613 1335 652 veniet
1363 626 1450 651 cum

163 691 278 715 manu
307 691 456 727 magna,
476 679 544 716 sed
573 686 628 716 est
657 679 769 727 plane
802 691 903 727 puer.
962 680 1075 715 Putat
1108 684 1282 715 senatum
1312 677 1448 714 statim.

164 740 260 789 Quis
297 741 454 779 veniet?
525 741 563 779 Si
607 741 761 787 venerit,
802 741 886 789 quis
932 740 1084 778 incertis
1128 741 1240 778 rebus
1283 740 1452 777 offendet

108 814 146 838 ¹0
163 803 406 841 Antonium?
459 805 544 841 Kal.
569 806 717 841 Ianuar.
736 803 803 841 erit
824 805 981 841 fortasse
1001 802 1190 852 praesidio
1209 810 1273 839 aut
1294 802 1450 850 quidem

162 875 251 904 ante
295 867 585 916 depugnabitur.
644 869 767 905 Puero
806 866 1012 915 municipia
1050 866 1142 903 mire
1180 867 1316 903 favent.
1376 866 1452 902 Iter

163 929 264 967 enim
286 929 428 967 faciens
448 929 486 966 in
507 929 706 968 Samnium
727 929 829 967 venit
851 930 971 975 Cales,
996 928 1133 966 mansit
1159 928 1291 966 Teani.
1350 926 1452 965 Miri-

163 993 234 1030 fica
266 994 467 1041 ἀπάντησις
497 1001 533 1031 et
566 992 790 1031 cohortatio.
850 994 939 1030 Hoc
971 999 1010 1029 tu
1041 993 1223 1040 putares?
1278 991 1342 1029 Ob
1378 991 1452 1028 hoc

163 1067 234 1103 ego
271 1055 381 1093 citius
421 1058 586 1094 Romam
625 1069 738 1105 quam
778 1055 1058 1093 constitueram.
1135 1054 1254 1092 Simul
1292 1061 1329 1091 et
1366 1066 1453 1091 con-

109 1130 143 1161 15
163 1118 320 1156 stituero
349 1120 522 1157 scribam.

216 1182 297 1220 Etsi
318 1184 491 1221 nondum
512 1183 774 1232 stipulationes
794 1184 956 1231 legeram
982 1181 1069 1231 (nec
1095 1181 1197 1219 enim
1225 1183 1321 1218 Eros
1344 1193 1453 1217 vene·
1470 1186 1492 1224 7

163 1245 245 1295 rat),
277 1253 404 1284 tamen
443 1260 520 1284 rem
559 1246 679 1294 pridie
714 1247 807 1283 Idus
844 1245 956 1282 velim
995 1244 1185 1281 conficias.
1262 1243 1453 1293 Epistulas

164 1309 354 1356 Catinam,
401 1309 715 1355 Tauromenium,
761 1310 962 1357 Syracusas
1013 1307 1255 1345 commodius
1307 1306 1454 1344 mittere

163 1380 296 1421 potero
326 1373 354 1410 si
394 1373 568 1411 Valerius
606 1372 788 1421 interpres
825 1372 874 1409 ad
913 1384 973 1409 me
1012 1370 1168 1409 nomina
1204 1370 1453 1419 gratiosorum

107 1449 144 1471 20
163 1436 360 1485 scripserit.
419 1436 495 1474 Alii
529 1436 630 1474 enim
663 1443 750 1473 sunt
783 1435 884 1480 alias,
918 1433 1114 1482 nostrique
1147 1433 1348 1471 familiares
1379 1434 1454 1470 fere

163 1499 362 1536 demortui.
423 1499 580 1537 Publice
600 1506 728 1536 tamen
750 1497 891 1547 scripsi,
915 1497 943 1534 si
965 1497 1018 1534 uti
1043 1498 1154 1535 vellet
1181 1496 1234 1535 eis
1255 1495 1427 1534 Valerius
1445 1510 1454 1542 3

162 1568 227 1598 aut
247 1561 339 1598 mihi
360 1561 517 1600 nomina
536 1561 710 1599 mitteret.

217 1626 276 1662 De
311 1625 530 1674 Lepidianis
561 1625 660 1662 feriis
692 1624 834 1662 Balbus
864 1624 913 1660 ad
954 1636 1014 1660 me
1048 1636 1169 1672 usque
1201 1623 1250 1660 ad
1284 1635 1328 1660 111
1365 1624 1449 1660 Kal.
1472 1625 1495 1661 8

165 1688 405 1736 Exspectabo
435 1695 517 1726 tuas
547 1688 687 1726 litteras
717 1700 855 1736 meque
882 1688 925 1724 de
953 1685 1137 1735 Torquati
1167 1685 1359 1735 negotiolo
1388 1686 1455 1724 sci-

107 1762 145 1793 ²5
164 1757 289 1787 turum
320 1759 423 1800 puto.
499 1751 635 1800 Quinti
672 1751 812 1789 litteras
844 1751 894 1788 ad
925 1758 961 1788 te
1000 1749 1084 1787 misi
1115 1756 1156 1787 ut
1188 1749 1302 1787 scires
1340 1762 1454 1798 quam

164 1815 273 1852 valde
293 1828 381 1853 eum
401 1822 544 1853 amaret
570 1828 684 1865 quem
712 1816 816 1853 dolet
842 1827 864 1851 a
892 1822 928 1851 te
955 1813 1081 1851 minus
1107 1812 1234 1850 amari.
1292 1812 1452 1859 Atticae,

163 1877 356 1926 quoniam,
389 1879 494 1928 quod
524 1878 711 1928 optimum
746 1877 784 1915 in
816 1876 941 1926 pueris
972 1885 1038 1922 est,
1070 1876 1229 1913 hilarula
1261 1883 1327 1922 est,
1361 1875 1454 1914 meis

163 1940 286 1978 verbis
306 1941 478 1979 suavium
499 1942 567 1979 des
587 1942 684 1979 volo.

192 2025 297 2080 sXII
426 2049 493 2079 Scr.
511 2050 544 2079 in
561 2048 736 2079 Puteolano
751 2049 803 2079 vst't
819 2047 867 2078 Id.
887 2047 967 2078 Nov.
987 2058 1016 2078 ιι.
1038 2057 1093 2086 710
1111 2047 1194 2088 (44).

107 2130 148 2160 30
567 2123 731 2154 CICERO
753 2122 929 2153 ATTICO
951 2121 1055 2152 SAL.

218 2193 320 2241 Oppi
341 2193 533 2242 epistulae,
557 2193 645 2242 quia
666 2195 901 2242 perhumana
922 2200 1012 2239 erat,
1033 2193 1100 2230 tibi
1122 2193 1203 2229 misi
1225 2194 1451 2241 exemplum.

167 2257 226 2292 De
246 2256 389 2302 Ocella,
412 2257 504 2294 dum
531 2263 571 2294 tu
601 2256 805 2305 muginaris
826 2269 896 2293 nec
925 2255 1016 2292 mihi
1043 2255 1248 2304 quicquam
1270 2256 1452 2301 rescribis,

245 2366 280 2394 14
305 2361 336 2386 et
353 2356 450 2396 codd.‚
470 2357 504 2395 cs.
525 2367 555 2386 Χ.
574 2368 600 2395 4.
621 2366 677 2386 12:
702 2367 738 2386 ac
756 2355 853 2385 Rom.
993 2365 1032 2393 24
1058 2356 1097 2385 de
1110 2355 1183 2386 add.
1200 2354 1227 2384 L
1246 2357 1383 2397 gulcvg.)
