1830 2745
147 127 254 164 XIV.
273 127 378 163 xiiiss
646 127 699 162 M.
731 126 894 162 TVLLI
925 124 1223 162 CICERONIS

25 578 221 655 Q

294 241 450 271 naturae
481 247 597 271 meae.
656 232 761 270 Nihil
794 232 896 270 enim
928 245 1110 280 umquam
1141 244 1219 268 non
1250 231 1368 268 modo
1397 230 1577 267 acerbum

295 297 333 334 in
361 311 421 334 me
448 297 516 334 fuit
539 297 606 334 sed
631 309 678 333 ne
704 297 818 344 paulo
844 282 1166 344 quiden1¹tr12tius
1192 301 1257 330 aut
1280 292 1443 342 sejgerius
1464 264 1788 341 quamxmof

295 359 499 397 necessitas
526 359 577 396 rei
603 358 778 407 publicae
805 357 1017 426 postulavit.
1076 356 1238 409 Accedit
1257 363 1299 393 ut
1321 369 1370 392 ne
1392 355 1431 392 in
1454 355 1579 403 ipsum
1597 324 1748 367 aum

296 422 452 470 quidem
492 421 671 460 Clodium
712 434 838 457 meum
879 419 1026 469 insigne
1066 419 1197 457 odium
1236 418 1346 455 fuerit
1383 430 1577 465 umquam,

296 498 521 535 semperque
560 485 611 522 ita
653 484 775 529 statui,
809 497 887 521 non
929 497 1011 521 esse
1054 483 1297 520 insectandos
1339 480 1579 518 inimicorum
1599 494 1615 524 5

297 548 451 594 amicos,
485 547 703 597 praesertim
736 547 966 593 humiliores,
997 559 1068 584 nec
1074 529 1163 583 '‘his
1201 545 1396 596 praesidiis
1429 527 1608 582 nosmet

252 621 279 658 4
297 611 399 660 ipsos
430 625 512 649 esse
545 610 774 660 spoliandos.
838 611 938 646 Nam
967 611 1015 647 de
1044 622 1161 658 puero
1189 607 1327 647 Clodio
1355 615 1438 644 tuas
1466 606 1580 658 partis

298 688 380 713 esse
413 674 571 712 arbitror
599 682 639 711 ut
670 674 749 711 eius
783 673 953 710 animum
984 680 1167 718 tenerum,
1196 685 1311 720 quem
1343 672 1392 708 ad
1422 672 1580 708 modum

297 737 438 782 scribis,
455 737 498 774 iis
519 737 764 786 opinionibus
785 736 933 773 imbuas
949 742 990 773 ut
1005 748 1163 784 nequas
1183 734 1397 771 inimicitias
1418 733 1580 771 residere

296 799 336 837 in
369 800 519 837 familiis
559 800 696 837 nostris
733 799 941 837 arbitretur.
1011 798 1204 837 Contendi
1242 810 1329 834 cum
1367 799 1407 834 P.
1442 796 1580 835 Clodio
1602 809 1639 830 10

297 877 384 901 cum
412 877 482 912 ego
508 864 701 912 publicam
728 876 892 907 causam,
915 862 976 899 ille
1002 874 1109 898 suam
1133 862 1364 898 defenderet.
1423 860 1581 897 Nostras

298 927 600 965 concertationes
639 941 696 964 res
734 926 887 975 publica
924 924 1155 963 diiudicavit.
1223 923 1261 961 Si
1300 923 1453 969 viveret,
1489 922 1581 959 mihi

257 1001 385 1039 5cum
415 991 479 1028 illo
513 993 615 1029 nulla
644 990 839 1028 contentio
868 989 942 1026 iam
977 996 1155 1026 maneret.
1219 989 1306 1035 Qua
1334 1001 1372 1024 re
1401 986 1581 1035 quoniam

298 1055 371 1091 hoc
400 1067 422 1091 a
448 1068 509 1091 me
538 1054 590 1091 sic
617 1054 712 1102 petis
743 1060 794 1098 ut,
817 1066 914 1101 quae
947 1059 1012 1089 tua
1045 1058 1212 1101 potestas
1241 1058 1308 1096 est,
1330 1063 1375 1088 ea
1403 1063 1517 1099 neges
1546 1058 1583 1087 te

299 1131 360 1155 me
391 1117 509 1155 invito
540 1131 707 1163 usurum,
734 1130 852 1166 puero
880 1130 1035 1165 quoque
1067 1117 1141 1152 hoc
1169 1128 1192 1152 a
1219 1128 1282 1152 me
1310 1114 1430 1160 dabis,
1455 1113 1485 1151 si
1514 1113 1583 1150 tibi
1604 1128 1640 1158 15

298 1180 498 1227 videbitur,
514 1195 591 1218 non
608 1195 684 1229 quo
699 1188 765 1218 aut
783 1188 886 1218 aetas
907 1187 1034 1217 nostra
1053 1180 1101 1216 ab
1121 1179 1220 1216 illius
1239 1185 1362 1216 aetate
1378 1178 1583 1227 quicquam

300 1244 439 1281 debeat
472 1244 627 1293 periculi
661 1244 840 1292 suspicari
873 1251 938 1280 aut
969 1242 1131 1291 dignitas
1170 1256 1255 1279 mea
1284 1243 1399 1279 ullam
1431 1249 1584 1279 conten-

300 1306 444 1344 tionem
482 1307 712 1352 extimescat,
741 1308 807 1344 sed
840 1314 879 1343 ut
911 1313 1061 1342 nosmet
1089 1304 1160 1353 ipsi
1193 1305 1289 1342 inter
1322 1318 1392 1342 nos
1430 1304 1585 1341 coniun-

299 1370 435 1408 ctiores
464 1370 581 1407 simus
610 1384 724 1419 quam
754 1371 880 1407 adhuc
907 1369 1056 1406 fuimus.
1117 1368 1451 1417 Interpellantibus
1483 1368 1583 1406 enim

300 1434 358 1471 his
382 1433 586 1486 inffliicitiis
613 1434 761 1471 animus
782 1441 868 1471 tuus
896 1432 987 1470 mihi
1015 1432 1132 1481 magis
1159 1432 1280 1480 patuit
1299 1445 1414 1480 quam
1434 1433 1581 1470 domus.
1606 1443 1644 1464 20

300 1498 376 1535 Sed
396 1499 490 1535 haec
510 1499 704 1535 hactenus.

355 1562 456 1597 Illud
482 1568 701 1598 extremum.
762 1562 844 1609 Ego
871 1574 967 1609 quae
995 1567 1031 1598 te
1058 1562 1152 1597 velle
1179 1573 1354 1608 quaeque
1380 1560 1429 1596 ad
1449 1566 1485 1595 te
1508 1572 1585 1607 per-

302 1623 419 1661 tinere
439 1624 648 1661 arbitrabor
668 1637 816 1672 semper
837 1624 917 1661 sine
938 1626 1013 1661 ulla
1029 1623 1268 1661 dubitatione
1289 1636 1440 1660 summo
1460 1621 1586 1659 studio

302 1686 447 1724 faciam.
507 1688 597 1723 Hoc
617 1687 728 1724 velim
750 1687 816 1723 tibi
838 1678 988 1735 penitus
1009 1688 1246 1735 persuadeas.

347 1828 451 1861 XIV
541 1831 607 1861 Ser.
630 1832 660 1860 in
679 1831 826 1861 Cumano
843 1842 872 1861 a.
894 1832 923 1861 d.
944 1842 963 1861 v
979 1831 1020 1862 K.
1043 1831 1122 1861 Mai.
1144 1842 1171 1861 a.
1195 1842 1249 1869 710
1267 1833 1349 1870 ἡμὴ
1427 1807 1458 1837 .
1610 1834 1646 1864 25

696 1917 866 1947 CICERO
897 1918 1062 1948 ATTICO
1092 1918 1124 1948 S.
1159 1918 1196 1947 D.

271 2012 287 2038 Ι
361 2007 369 2023 ‘
386 2005 580 2041 Iteradum
608 2004 741 2041 eadem
768 2003 837 2040 ista
861 2003 976 2040 mihis
1035 2004 1248 2041 Coronatus
1270 2002 1436 2050 Quintus
1463 2010 1590 2039 noster
1804 2035 1808 2039 .

308 2067 515 2104 Parilibus!
564 2065 796 2117 [Parilibus]
873 2068 1064 2103 Solusne?
1120 2066 1201 2116 Qsi
1247 2066 1356 2103 addis
1405 2065 1587 2102 Lamiam.
1617 2045 1767 2124 Μ

308 2132 425 2178 Quod
460 2130 624 2167 demiror
657 2129 847 2177 equidem,
877 2131 943 2166 sed
978 2129 1071 2166 scire
1105 2128 1217 2177 cupio
1247 2128 1311 2177 qui
1340 2128 1477 2165 fuerint
1505 2128 1590 2174 alii3
1679 2108 1820 2173 Q

308 2207 540 2242 quamquam
562 2193 649 2230 satis
670 2193 748 2230 scio
769 2193 840 2230 nisi
861 2192 1076 2241 improbum
1097 2192 1300 2230 neminem.
1361 2191 1590 2240 Explanabis
1612 2201 1651 2231 30
1768 2178 1772 2181 Ι

309 2256 418 2304 igitur
440 2257 513 2293 hoc
541 2256 767 2304 diligentius.
829 2258 910 2303 Ego
937 2263 1063 2292 autem
1092 2268 1181 2292 casu
1210 2268 1297 2292 cum
1324 2255 1516 2293 dedissem
1542 2255 1591 2291 ad

352 2367 393 2387 20
417 2357 492 2386 mihi
512 2360 552 2387 E:
578 2367 640 2386 om.
661 2362 687 2386 Δ
798 2358 838 2386 28
861 2357 995 2386 alterum
1015 2356 1174 2386 Parilibus
1192 2367 1253 2387 om.
1275 2353 1314 2385 Ζ(
1330 2367 1357 2386 v.
1379 2367 1399 2385 c.
1417 2356 1495 2385 RPs
1509 2356 1590 2386 Ant.
