1590 2730
499 163 608 199 EPP.
639 164 715 199 AD
744 165 995 203 ATTICVM
1322 171 1369 207 X.
1390 181 1421 207 v

106 265 317 314 liberaliter,
350 268 445 306 nihil
476 282 617 307 accuso
655 270 851 309 hominem
889 273 1097 322 scripsique
1126 277 1175 312 ad
1208 289 1295 313 eum
1328 291 1390 315 me

105 343 128 367 a
159 337 196 368 te
225 330 422 369 certiorem
456 345 539 370 esse
576 334 729 370 factum.
787 336 847 371 Tu
881 336 929 372 de
962 343 1028 373 tuo
1065 337 1197 375 itinere
1228 339 1319 386 quid
1353 347 1390 376 et

105 395 261 442 quando
294 394 436 443 cogites
466 395 579 433 velim
613 409 675 434 me
706 397 904 435 certiorem
935 398 1059 436 facias.
1117 402 1164 437 A.
1192 401 1229 438 d.
1254 412 1309 438 XV
1338 404 1387 440 K.

107 456 240 495 Maias.

67 621 85 654 5
145 613 210 649 VI
348 617 418 650 Scr.
436 618 469 649 in
487 618 636 650 Cumano
653 618 756 650 medio
772 630 814 650 m.
833 619 865 650 Α
866 625 915 660 pr.
934 631 964 651 α.
981 630 1038 661 705
1057 620 1142 662 (49).

504 699 671 730 CICERO
693 699 866 729 ATTICO
888 699 994 730 SAL.

157 775 224 812 Me
255 775 384 813 adhuc
416 774 510 813 nihil
542 782 690 825 praeter
719 783 984 824 tempestatem
1019 782 1194 813 moratur.
1251 777 1388 813 Astute
1408 787 1425 814 1

104 837 198 874 nihil
236 851 320 875 sum
357 846 519 885 acturus,
550 840 615 875 fiat
648 838 686 875 in
722 838 912 886 Hispania
944 839 1153 887 quidlibet:
1196 846 1232 876 et
1261 845 1388 875 tamen

105 900 260 940 †recitet
279 904 350 941 et†.
401 903 510 938 Meas
525 901 775 950 cogitationes
796 901 921 938 omnis
941 901 1123 949 explicavi
1140 901 1207 938 tibi
1226 901 1390 949 superio-

49 977 87 1000 10
105 963 207 1001 ribus
237 963 377 1001 litteris.
436 965 626 1012 Quocirca
655 967 726 1002 hae
755 972 843 1002 sunt
872 965 1014 1010 breves,
1038 970 1098 1004 †et
1126 968 1277 1004 tamen†
1300 964 1390 1013 quia

104 1027 331 1064 festinabam
353 1040 533 1076 eramque
554 1028 784 1077 occupatior.

157 1092 217 1127 De
231 1090 377 1137 Quinto
398 1090 474 1128 filio
495 1092 535 1128 fit
554 1105 576 1128 a
596 1105 657 1128 me
670 1091 824 1140 quidem
846 1092 1004 1137 sedulo‚·
1027 1093 1094 1129 sed
1114 1091 1213 1128 nosti
1233 1090 1384 1139 reliqua.
1407 1101 1430 1128 2

104 1154 221 1200 Quod
241 1153 330 1191 dein
350 1167 411 1191 me
432 1167 576 1200 mones,
595 1162 631 1191 et
651 1154 773 1192 amice
793 1162 829 1192 et
850 1156 1055 1202 prudenter
1075 1168 1135 1191 me
1155 1167 1297 1197 moneS,
1321 1155 1388 1190 sed

103 1224 212 1254 erunt
238 1217 367 1254 omnia
395 1216 518 1254 facilia
546 1217 575 1254 si
604 1218 653 1253 ab
682 1230 760 1255 uno
787 1216 852 1254 illo
881 1231 1024 1254 cavero.
1085 1219 1269 1265 Magnum
1294 1229 1390 1265 opus

49 1291 84 1322 15
103 1286 172 1325 est,
192 1279 377 1317 mirabilia
401 1281 528 1326 multa,
551 1279 644 1316 nihil
673 1280 842 1328 simplex,
866 1280 957 1316 nihil
985 1280 1183 1317 sincerum.
1241 1281 1390 1317 Vellem

104 1342 332 1391 suscepisses
366 1343 542 1381 iuvenem
576 1345 810 1392 regendum3
853 1351 958 1392 pater
991 1343 1092 1380 enim
1126 1342 1237 1379 nimis
1270 1342 1391 1380 indul-

102 1419 204 1455 gens,
231 1406 413 1455 quicquid
442 1420 512 1455 ego
540 1407 721 1444 adstrinxi
750 1409 899 1444 relaxat.
957 1407 993 1444 Si
1024 1406 1104 1444 sine
1133 1406 1197 1443 illo
1226 1419 1388 1454 possem,

103 1483 292 1518 regerem3
323 1471 427 1519 quod
453 1478 492 1507 tu
515 1478 634 1519 potes.
692 1472 767 1508 Sed
791 1471 947 1519 ignosco
966 1484 974 1516 3
1008 1482 1198 1518 magnum,
1221 1469 1387 1518 inquam,

103 1546 198 1582 opus
219 1541 284 1571 est.

47 1612 85 1633 20
156 1596 383 1646 Pompeium
404 1610 472 1646 pro
498 1604 601 1644 certo
630 1597 816 1635 habemus
843 1610 908 1645 per
930 1596 1120 1645 Illyricum
1141 1596 1328 1645 proficisci
1350 1596 1387 1632 in
1406 1606 1430 1642 3

104 1659 278 1697 Galliam.
336 1661 418 1709 Ego
438 1674 541 1698 nunc
561 1674 636 1709 qua
656 1668 693 1698 et
713 1674 790 1709 quo
810 1660 960 1698 videbo.

143 1799 232 1834 VII
361 1803 428 1834 Ser.
448 1804 480 1834 ἱιι
499 1804 647 1834 Cumano
663 1806 727 1834 circ.
747 1805 780 1833 ix
796 1805 837 1834 K.
859 1804 936 1834 Mai.
959 1815 989 1835 a.
1010 1814 1061 1843 705
1077 1804 1163 1842 (49).

503 1885 666 1914 CJCERO
688 1885 719 1913 Α
731 1862 873 1914 Tmo
886 1884 990 1914 SAL.

156 1954 238 2002 Ego
257 1967 346 1992 vero
366 1955 545 2003 Apuliam
567 1962 603 1991 et
623 1954 825 2003 Sipontum
852 1962 888 1991 et
912 1952 1256 2001 tergiversationem
1278 1952 1387 1989 istam
1407 1961 1423 1986 1

46 2027 83 2060 25
102 2017 223 2065 probo
252 2030 322 2054 nec
351 2024 455 2054 tuam
484 2017 669 2055 rationem
698 2019 860 2055 eandem
890 2029 971 2053 esse
991 2017 1091 2053 duco
1112 2029 1226 2063 quam
1251 2029 1385 2061 meam,

102 2092 180 2117 non
209 2079 301 2128 quin
330 2079 368 2117 in
397 2094 435 2117 re
464 2080 617 2129 publica
644 2087 788 2117 rectum
820 2079 922 2117 idem
952 2078 997 2116 sit
1026 2078 1175 2126 utrique
1203 2085 1386 2124 nostrum,

144 2190 164 2218 9
187 2181 302 2211 recitet
323 2185 356 2210 et
378 2175 478 2210 MZb:
515 2181 668 2210 reticeret
689 2174 748 2210 Zl:
783 2181 883 2210 retice
906 2180 1001 2209 Virta
1034 2179 1082 2208 ire
1105 2182 1229 2209 certum
1255 2183 1305 2208 est
1329 2178 1392 2216 (vel

101 2221 202 2251 simile
224 2222 314 2261 quid)
336 2223 535 2262 [Vesenbm'gz
571 2224 617 2252 ire
644 2223 755 2253 licebit
778 2222 943 2253 Schnn'dt:
980 2231 1032 2250 res
1059 2226 1140 2257 stat;
1174 2219 1256 2250 ἰτέον
1279 2220 1393 2258 Tyrrell

105 2274 143 2294 Io
167 2268 200 2294 et
224 2270 332 2295 tamen
347 2266 424 2303 sort.
449 2265 616 2295 delendum
642 2268 676 2294 ut
696 2276 734 2294 ex
751 2266 900 2304 proximo
923 2267 1054 2293 orium:
1086 2264 1184 2292 etiam
1204 2262 1388 2301 Malaspina

105 2317 141 2335 12
165 2307 231 2336 filio
251 2307 431 2337 Corradus:
456 2307 555 2336 fratrc
573 2306 613 2335 Μ
687 2307 721 2335 fit
738 2318 755 2336 a
772 2307 909 2335 Rosius:
935 2307 978 2336 ita
994 2305 1050 2334 M:
1064 2306 1143 2343 sort.
1165 2305 1261 2335 Cicero
1277 2304 1387 2334 lauda-

101 2348 155 2377 bat
175 2349 296 2378 Terenti
307 2349 470 2388 Adelphos
492 2349 535 2379 iii.
555 2359 582 2386 3.
603 2351 653 2387 60,
673 2351 709 2377 61
738 2349 911 2387 (413—414)
1045 2348 1170 2382 sedulo,
1197 2347 1387 2377 sed—nosti

101 2391 189 2430 vulg.
324 2401 361 2429 13
385 2401 436 2421 me
452 2401 565 2421 mones
584 2391 628 2420 C:
653 2401 816 2420 memores
833 2390 884 2419 Ml
