1690 2710
110 131 216 167 XVI.
240 129 298 165 xii
590 129 643 164 M.
674 127 835 162 TVLLI
867 124 1164 163 CICERONIS

229 232 313 282 cepi
345 232 547 270 consilium
584 230 838 269 domesticum
876 229 1003 278 itaque
1040 242 1102 266 me
1138 241 1190 277 pr.
1228 229 1320 265 Idus
1356 226 1514 264 arbitror

231 299 380 334 Romae
411 298 589 334 futurum.
648 293 901 334 Commodius
931 300 987 330 est
1019 292 1142 329 visum
1172 293 1306 328 frustra
1339 303 1400 328 me
1432 289 1515 326 istic

229 374 320 406 esse,
344 373 431 397 cum
462 359 501 397 id
535 372 613 396 non
643 370 799 395 necesse
829 363 938 402 esset,
966 369 1092 404 quarn,
1115 354 1145 392 si
1173 367 1269 402 opus
1299 360 1410 399 esset,
1437 365 1514 390 non

228 424 373 468 adesse,
406 430 443 459 et
473 421 584 459 simul
618 434 666 458 ne
699 420 968 458 intercluderer
1006 417 1234 455 metuebam.
1306 417 1376 453 Ille
1413 414 1515 453 enim

230 487 304 524 iam
337 486 542 523 adventare
575 491 710 533 potest.
770 482 851 520 Etsi
884 481 974 519 varii
1005 493 1174 518 rumores
1205 478 1390 528 multique
1420 491 1516 526 quos
1536 488 1553 520 5

231 561 410 598 cuperem
448 561 566 593 veros,
607 546 701 584 nihil
739 554 867 583 tamen
905 543 1006 582 certi.
1076 545 1158 592 Ego
1195 555 1294 588 vero,
1334 540 1518 590 quicquid

232 620 298 658 est,
321 620 447 649 tecum
475 610 602 660 potius
631 623 746 658 quam
776 608 893 646 animi
923 608 1126 656 pendeam,
1147 619 1235 643 cum
1267 618 1290 642 a
1317 611 1353 642 te
1383 603 1516 649 absim,

232 682 269 713 et
289 676 338 712 de
358 681 394 711 te
414 680 451 711 et
471 674 519 710 de
540 686 610 709 me.
668 673 743 709 Sed
763 671 856 720 quid
877 670 945 708 tibi
966 669 1119 707 dicam?
1163 671 1314 706 Bonum
1334 666 1517 704 animum.

236 740 295 775 De
314 736 567 786 Ἡρακλειὸείῳ
588 734 769 772 Varronis
796 732 948 782 negotia
977 734 1082 770 salsa.
1143 733 1210 768 Me
1240 730 1396 779 quidem
1425 728 1519 766 nihil

233 813 417 849 umquam
438 799 491 837 sie
511 797 722 837 delectavit.
781 798 856 834 Sed
876 797 971 833 haec
991 802 1027 832 et
1047 794 1119 832 alia
1139 793 1281 831 maiora
1301 805 1438 831 coram.
1541 809 1578 831 10

275 905 387 940 XIII
405 909 454 948 (a)
556 906 623 937 Scr.
643 905 769 944 Aquini
781 904 812 934 iv
826 903 874 935 Id.
891 903 969 933 Nov.
988 914 1017 933 a.
1041 912 1095 941 710
1113 902 1196 941 (44).

628 979 795 1011 CIC'ERO
824 978 999 1009 ATTICO
1028 977 1132 1008 SAL.

198 1066 215 1093 1
286 1054 322 1092 O
342 1065 472 1090 casum
496 1050 723 1088 mirificum}
753 1061 776 1086 v
798 1050 891 1086 Idus
918 1061 1005 1086 cum
1031 1054 1119 1084 ante
1149 1048 1272 1084 lucem
1299 1047 1348 1083 de
1375 1044 1523 1082 Sinues-

235 1129 329 1153 sano
349 1114 590 1152 surrexissem
611 1112 877 1161 venissemque
897 1111 1066 1149 diluculo
1091 1111 1140 1147 ad
1165 1116 1322 1158 pontem
1338 1108 1521 1145 Tirenum

236 1179 301 1228 qui
321 1186 377 1216 est
399 1177 624 1222 Menturnis,
647 1176 684 1213 in
705 1189 782 1224 quo
802 1177 919 1213 flexus
941 1182 996 1212 est
1015 1176 1063 1212 ad
1085 1174 1153 1211 iter
1173 1172 1346 1222 Arpinas,
1369 1171 1521 1209 obviam
1545 1187 1580 1218 15

237 1241 329 1278 mihi
358 1243 398 1278 fit
428 1239 655 1285 tabellarius,
685 1239 748 1287 qui
779 1252 839 1275 me
868 1237 1026 1275 offendit
1058 1237 1228 1287 ίδολιχὸν
1258 1237 1374 1274 πλόον
1403 1235 1523 1284 ὁρμαί-

236 1306 364 1343 νοντα.’
419 1306 469 1341 At
498 1316 568 1352 ego
597 1302 722 1339 statim
746 1303 900 1340 ‘Cedo'
921 1301 1076 1349 inquam
1100 1300 1150 1337 ‘si
1180 1300 1272 1349 quid
1298 1301 1347 1337 ab
1370 1299 1523 1337 Attico.'

237 1369 423 1406 Nondum
456 1369 579 1415 legere
612 1372 855 1414 poteramus:
893 1377 981 1401 nam
1014 1371 1051 1401 et
1083 1364 1227 1400 lumina
1261 1363 1523 1401 dimiseramus

237 1445 308 1470 nec
328 1431 416 1469 satis
435 1431 596 1468 lucebat.
655 1430 754 1467 Cum
775 1435 902 1465 autem
922 1429 1072 1473 luceret,
1095 1434 1183 1464 ante
1203 1427 1341 1475 scripta
1364 1427 1525 1476 epistula

238 1509 283 1533 ex
312 1495 461 1533 duabus
492 1493 565 1531 tuis
598 1492 699 1541 prior
730 1491 822 1528 mihi
843 1491 913 1539 legi
947 1498 1082 1539 coepta
1119 1498 1185 1527 est.
1245 1492 1313 1528 Illa
1352 1491 1524 1528 omnium
1546 1503 1584 1524 20

239 1559 395 1608 quidem
428 1556 715 1606 elegantissima.
774 1557 834 1592 Ne
864 1555 935 1592 sim
966 1556 1090 1591 salvus
1123 1554 1153 1591 si
1186 1554 1292 1592 aliter
1322 1554 1445 1591 scribo
1482 1568 1526 1591 ae

241 1622 373 1660 sentio.
432 1620 537 1658 Nihil
570 1619 641 1668 legi
672 1618 885 1655 humanius.
945 1619 1080 1665 Itaque
1113 1617 1262 1654 veniam
1296 1631 1373 1666 quo
1402 1631 1525 1662 vocas,

243 1687 361 1723 modo
379 1684 552 1722 adiutore
572 1691 618 1720 te.
677 1683 751 1719 Sed
772 1681 865 1718 nihil
886 1689 962 1719 tam
990 1682 1274 1730 ἀπροσδιόνυσον
1294 1681 1385 1718 mihi
1406 1681 1528 1730 primo

243 1748 442 1786 videbatur
470 1759 583 1795 quam
613 1746 662 1782 ad
691 1758 754 1782 eas
782 1744 923 1782 litteras
955 1745 1092 1793 quibus
1122 1758 1192 1793 ego
1217 1758 1239 1781 a
1263 1752 1298 1782 te
1327 1743 1527 1782 consilium

201 1812 424 1862 2petieram
462 1818 498 1848 te
537 1809 629 1846 mihi
667 1809 736 1846 ista
773 1809 985 1847 rescribere.
1056 1811 1156 1846 Ecce
1194 1808 1261 1846 tibi
1298 1810 1414 1845 altera
1455 1821 1529 1856 qua
1551 1823 1586 1854 25

244 1875 401 1913 hortaris
424 1873 525 1923 ‘worp'
544 1874 737 1922 ἠνεμόεντα
765 1874 946 1922 Μίμαντα,
967 1874 1079 1921 νήσου
1105 1874 1162 1910 ἐπὶ
1189 1873 1343 1921 Ψυρίης,’
1364 1871 1528 1920 Appiam

243 1938 386 1976 scilicet
418 1938 492 1975 “ἐπ’
522 1937 677 1986 ἀριστέρ’
699 1938 848 1987 ἔχοντα]
904 1937 1040 1984 Itaque
1069 1949 1115 1973 eo
1144 1935 1205 1973 die
1233 1934 1354 1972 mansi
1375 1933 1527 1982 Aquini.

245 2003 459 2050 Longulum
474 2014 565 2038 sane
581 2000 649 2037 iter
663 2008 699 2037 et
712 2000 772 2037 via
787 2001 895 2036 mala.
948 2000 1045 2036 Inde
1061 1998 1244 2046 postridie
1261 2011 1372 2035 mane
1385 1996 1531 2046 profici-

245 2078 353 2102 scens
373 2066 440 2101 has
460 2065 600 2102 litteras
621 2063 720 2100 dedi.
1109 2060 1111 2064 ’

292 2176 327 2204 13
342 2166 419 2202 fors.
435 2166 474 2194 de
492 2165 694 2195 Sinuessano
711 2162 986 2202 transponendum!
999 2166 1069 2202 post
1084 2162 1227 2192 diluculo
1318 2171 1353 2198 14
1377 2161 1531 2190 Tirenum

248 2218 309 2238 v.c.
342 2207 455 2236 EO¹R
487 2207 556 2238 (scd
583 2208 609 2236 is
639 2208 807 2243 tyrenum}
840 2203 877 2234 Z‘
908 2205 1019 2236 codices
1048 2205 1132 2238 Rosi,
1166 2205 1201 2241 cf.
1231 2204 1400 2233 Lehmann
1431 2202 1532 2232 ‘Ata'

245 2255 276 2289 j).
313 2260 392 2287 140:
425 2250 582 2279 Tiretium
616 2249 653 2277 M
798 2257 833 2285 15
867 2248 1054 2277 Menturnis
1085 2246 1198 2276 codd:
1240 2246 1341 2275 Mint-
1369 2245 1466 2284 vulg..
1492 2246 1528 2282 cs:

254 2302 298 2322 [ο.
320 2302 332 2320 1
463 2302 501 2330 27
526 2291 651 2321 scilicet
667 2290 738 2321 M'2:
764 2301 830 2320 om.
851 2289 902 2318 M²
1031 2290 1072 2319 28
1096 2289 1178 2319 mala
1204 2288 1366 2318 Turnebus
1385 2287 1532 2327 Popula:

250 2334 337 2363 inata
355 2333 414 2363 M:
438 2338 523 2363 mata
540 2327 592 2363 Ζω
609 2345 614 2362 :
639 2333 802 2363 madidata
818 2333 895 2362 som'.
912 2330 1026 2361 Lamb.
1042 2343 1047 2360 :
1072 2331 1143 2361 avia
1161 2330 1266 2360 AIoscr
