1590 2730
46 142 162 179 XIII.
183 143 227 177 vi
556 144 609 179 M.
641 143 803 178 TVLLI
834 143 1129 180 CICERONIS

194 249 295 287 enim
329 263 481 287 mecum
515 249 649 299 egisti),
682 251 731 287 de
765 263 881 298 puero
915 251 1087 295 Lucullo,
1124 263 1238 298 quarn
1275 249 1476 298 pecuniam

194 320 294 350 tutor
323 312 427 362 (nam
458 314 531 350 hoc
561 325 716 361 quoque
744 314 792 349 ad
823 326 900 349 rem
930 312 1108 361 pertinet)
1138 312 1176 349 in
1206 312 1352 349 Achaia
1381 326 1478 349 sum-

192 383 327 424 pserat.
385 377 459 413 Sed
492 375 567 424 agit
600 375 811 420 liberaliter,
844 375 1024 424 quoniam
1058 382 1170 424 negat
1200 388 1239 412 se
1273 375 1477 423 quiequam

193 439 379 476 facturum
417 446 548 476 contra
586 447 754 475 nostram
787 440 1032 475 voluntatem.
1105 439 1245 476 Coram
1282 437 1402 486 igitur,
1437 445 1478 474 ut

193 501 334 547 scribis,
371 501 646 539 constituemus
683 514 798 549 quem
836 502 885 538 ad
923 503 1080 538 modum
1118 514 1196 538 rem
1234 500 1475 549 explicemus.
1497 517 1513 546 5

194 566 311 612 Quod
332 565 496 613 reliquos
516 566 724 602 coheredes
745 564 966 609 convenisti,
989 566 1100 612 plane
1121 565 1229 601 bene.

151 640 174 674 3
248 630 366 675 Quod
386 628 587 677 epistulam
605 641 729 665 meam
749 629 798 664 ad
821 630 980 664 Brutum
1000 627 1136 676 poscis,
1155 641 1233 664 non
1253 627 1378 664 habeo
1398 626 1478 664 eius

192 693 433 741 exemplunm
472 693 539 729 sed
578 700 704 728 tamen
743 692 887 728 salvum
919 699 974 728 est
1005 698 1041 727 et
1069 690 1120 727 ait
1150 690 1241 727 Tiro
1272 697 1308 727 te
1339 690 1478 726 habere

192 761 366 802 oportere
399 761 445 800 et,
476 762 516 790 ut
550 755 736 799 recordor,
768 767 843 790 una
881 766 967 790 cum
997 753 1095 790 illius
1128 752 1382 801 obiurgatoria
1409 752 1477 789 tibi

148 829 172 864 4
192 830 315 854 meam
346 830 499 865 quoque
528 830 642 865 quam
669 818 718 853 ad
745 830 831 853 eum
859 816 1120 864 rescripseram
1149 815 1243 853 misi.
1303 815 1477 853 Iudiciali
1500 830 1536 850 10

193 880 365 917 molestia
385 887 425 916 ut
446 892 592 916 caream
614 879 771 916 videbis.

231 976 331 1010 VIa
449 979 514 1010 Ser.
536 981 567 1009 in
589 979 768 1008 Tusculano
782 979 862 1019 prid.
879 979 962 1009 Non.
982 978 1054 1009 Iun.
1077 988 1133 1017 709
1153 979 1229 1017 (45).

585 1054 751 1083 CICERO
780 1053 953 1083 ATTICO
981 1053 1083 1084 SAL.

72 1137 171 1176 (νη)
243 1130 481 1168 Tuditanum
510 1130 623 1167 istum
658 1142 840 1178 proavum
872 1128 1056 1167 Hortensi
1084 1131 1196 1178 plane
1233 1142 1311 1166 non
1345 1142 1476 1166 noram

191 1202 227 1231 et
248 1194 366 1230 filium
391 1193 455 1242 qui
482 1201 561 1230 tum
592 1206 669 1230 non
690 1200 863 1241 potuerat
884 1206 966 1230 esse
986 1194 1129 1241 legatus
1158 1192 1272 1230 fuisse
1291 1200 1474 1241 putaram.
1498 1208 1532 1239 15

193 1257 425 1293 Mummium
453 1256 566 1294 fuisse
596 1257 645 1293 ad
676 1255 905 1294 Corinthum
936 1269 1004 1305 pro
1033 1264 1136 1294 certo
1164 1257 1298 1294 habeo.
1357 1258 1477 1304 Saepe

191 1321 293 1357 enim
322 1320 383 1357 hic
411 1320 577 1369 Spurius,
604 1319 668 1368 qui
697 1333 817 1368 nuper
846 1323 959 1364 †est†‚
983 1320 1162 1368 epistulas
1193 1320 1286 1356 mihi
1315 1333 1478 1368 pronun-

191 1383 309 1421 tiabat
340 1383 532 1421 versiculis
570 1382 699 1420 facetis
737 1383 785 1419 ad
824 1382 1014 1419 familiaris
1054 1383 1186 1420 missas
1223 1396 1245 1420 a
1278 1382 1474 1421 Corintho.

192 1448 266 1484 Sed
306 1459 382 1483 non
414 1446 549 1483 dubito
578 1445 671 1493 quin
701 1445 802 1482 fratri
832 1445 942 1482 fuerit
969 1447 1122 1494 legatus,
1151 1459 1228 1482 non
1260 1445 1297 1482 in
1329 1446 1474 1482 decem.

191 1511 318 1557 Atque
363 1510 435 1545 hoc
478 1508 592 1545 etiam
640 1507 781 1556 accepi,
822 1521 899 1545 non
944 1508 1074 1545 solitos
1121 1508 1281 1545 maiores
1327 1515 1475 1545 nostros
1497 1524 1536 1545 20

191 1585 256 1609 cos
286 1574 408 1620 legare
433 1571 471 1607 in
497 1572 631 1608 decem
659 1571 723 1619 qui
747 1579 874 1608 essent
903 1571 1172 1620 imperatorum
1202 1571 1413 1616 necessarii,
1436 1578 1477 1608 ut

193 1648 261 1671 nos
300 1634 415 1683 ignari
455 1633 793 1682 pulcherrimorum
836 1633 1093 1671 institutorum
1132 1642 1196 1671 aut
1234 1635 1476 1682 neglegentes

191 1697 317 1745 potius
357 1699 410 1733 M.
446 1697 648 1733 Lucullum
686 1703 723 1733 et
754 1698 795 1733 L.
832 1699 1033 1734 Murenam
1072 1705 1108 1734 et
1146 1705 1291 1734 ceteros
1321 1697 1476 1734 coniun-

191 1759 380 1796 ctissimos
408 1761 457 1796 ad
487 1761 528 1795 L.
552 1760 756 1796 Lucullum
779 1759 961 1797 misimus.
1021 1761 1200 1808 Illudque
1220 1761 1474 1811 εὐλογώτατον,

191 1822 296 1859 illum
327 1822 427 1859 fratri
456 1822 493 1858 in
521 1822 649 1870 primis
675 1822 755 1860 eius
785 1823 915 1872 legatis
942 1823 1066 1861 fuisse.
1129 1825 1162 1861 O
1189 1836 1342 1872 operam
1372 1831 1475 1860 tuam
1498 1835 1533 1866 25

192 1886 349 1921 multam
379 1885 443 1933 qui
473 1892 510 1921 et
539 1886 632 1922 haec
664 1899 770 1923 cures
802 1894 839 1923 et
869 1899 953 1924 mea
982 1886 1160 1935 expedias
1192 1893 1228 1923 et
1255 1886 1303 1922 sis
1333 1885 1370 1922 in
1403 1885 1475 1922 tuis

191 1961 268 1984 non
290 1949 409 1985 multo
431 1948 554 1984 minus
577 1948 738 1996 diligens
759 1963 873 1997 quam
895 1950 932 1986 in
954 1949 1047 1986 meis
1065 1953 1070 1986 ἵ
1206 1951 1210 1955 ’

235 2060 247 2078 1
275 2049 331 2089 de]
360 2050 458 2080 debet
486 2050 584 2081 Boot:
622 2051 676 2081 del.
704 2051 803 2080 Orelli
936 2054 956 2081 6
980 2052 1084 2082 fecisti
1102 2057 1175 2092 post
1195 2052 1375 2083 convenisti
1400 2052 1471 2082 add.

189 2095 255 2121 vell.
391 2102 425 2130 17
452 2094 519 2132 est]
549 2098 599 2123 est
626 2098 771 2123 mortuus
797 2093 887 2124 Illam.
916 2095 966 2131 (ex
990 2095 1140 2133 ‘antiqno
1163 2095 1295 2131 l1'bro’):
1334 2095 1475 2124 decessit

191 2133 324 2163 Msiller:
351 2135 447 2172 periit
465 2136 541 2165 com'.
561 2136 641 2164 Boot
786 2138 822 2165 18
845 2136 959 2166 facetis
975 2140 1042 2167 veit.
1061 2148 1066 2166 :
1093 2137 1191 2167 facies
1208 2137 1254 2166 vel
1268 2137 1367 2166 factas
1384 2137 1469 2166 codd.

191 2186 227 2205 21
251 2186 306 2206 eos
323 2177 434 2206 ΣΑηί.
451 2177 595 2207 Ferat:
619 2188 681 2208 om.
698 2183 724 2207 Δ
812 2188 852 2215 23
873 2179 1154 2208 coniunctissimos
1167 2183 1240 2218 post
1255 2183 1383 2208 ceteros
1399 2179 1471 2209 add.

193 2218 275 2249 Crat.
292 2229 319 2248 v.
340 2230 363 2249 c.
381 2220 492 2249 codices
508 2220 608 2249 Bosi:
634 2230 695 2249 om.
718 2223 769 2250 ΣΔ
856 2230 894 2257 25
920 2221 949 2250 O
965 2220 1038 2251 add.
1058 2220 1228 2250 Lehmann
1324 2223 1364 2250 26
1385 2222 1472 2259 mea]

192 2270 261 2290 mea
278 2262 386 2291 omnia
403 2261 486 2291 Reid
589 2272 626 2299 27
652 2272 715 2291 non
736 2262 835 2291 multo
853 2266 876 2293 Σ
894 2262 975 2292 Crat.
993 2275 999 2292 :
1023 2264 1124 2293 multo
1140 2268 1175 2293 Δ.
1222 2263 1304 2293 Edd.
1320 2273 1380 2292 non
1396 2263 1478 2292 nulli

190 2303 233 2331 im
258 2304 366 2341 legunt
392 2304 536 2341 Operam
561 2309 646 2333 tuam
675 2305 807 2333 multum
835 2315 916 2341 amo,
943 2305 1022 2343 qui:
1054 2305 1090 2335 de
1114 2305 1176 2335 loco
1193 2306 1305 2344 fusius
1334 2304 1475 2343 disputat

191 2343 361 2374 Lehmann
382 2346 478 2374 ‘Ans
494 2352 547 2386 pp.
570 2356 715 2384 203—205
