1690 2710
539 128 649 163 EPP.
680 127 756 162 AD
784 126 1036 164 ATTICVM
1341 127 1427 163 XV.
1444 124 1567 162 xxviL

147 241 299 272 senatus
332 235 518 272 consulto.
574 233 701 271 Velim
734 233 829 270 scire
862 233 955 282 quid
987 234 1044 271 sit.
1101 233 1338 271 Tabellarius
1370 233 1434 272 ille

147 311 262 347 quem
285 297 354 335 tibi
376 297 544 335 dixeram
573 310 634 334 me
659 298 709 334 ad
739 299 899 334 Brutum
927 310 1010 334 esse
1036 296 1240 334 missurum
1267 297 1306 334 in
1334 299 1434 334 Ana-

145 360 305 409 gninum
323 361 373 397 ad
393 373 454 397 me
469 359 571 396 venit
590 372 635 396 ea
653 367 767 396 nocte
782 372 880 408 quae
900 360 1070 408 proxima
1088 368 1177 397 ante
1194 361 1279 397 Kal.
1295 359 1364 397 fuit
1379 360 1434 397 lit-

147 430 321 472 terasque
335 424 384 460 ad
405 435 465 460 me
484 422 608 459 at'tulit
623 436 631 468 ;
660 422 698 458 in
719 422 857 470 quibus
878 435 996 459 unum
1015 422 1181 460 alienum
1202 436 1351 460 summa
1366 436 1434 460 sua

109 498 126 530 5
146 485 357 536 prudentia,
375 485 478 523 idem
498 485 601 530 illud,
624 493 665 522 ut
685 493 854 534 spectem
874 487 985 523 ludos
1005 499 1104 523 suos.
1155 486 1347 534 Rescripsi
1367 486 1434 523 sci-

147 548 234 586 licet
246 547 410 597 primum
426 561 488 585 me
507 548 582 585 iam
602 549 826 597 profectum,
841 556 882 585 ut
898 562 969 584 non
986 548 1173 597 integrum
1194 548 1240 586 sit
1254 563 1264 595 ,-
1293 548 1433 586 deinde

146 612 373 648 ἀτοπώτατον
399 624 481 648 6556
510 624 571 648 me
599 610 664 659 qui
698 613 864 648 Romam
897 611 1055 648 omnino
1088 618 1174 659 post
1206 612 1300 649 haec
1330 624 1434 648 arma

146 688 223 713 non
254 674 477 712 accesserim
508 688 634 723 neque
663 674 702 712 id
736 682 812 711 tam
846 673 1002 722 periculi
1033 674 1108 712 mei
1138 687 1252 712 causa
1280 674 1433 712 fecerim

147 751 261 787 quam
290 737 482 786 dignitatis
511 737 637 775 subito
667 739 716 775 ad
746 738 857 775 ludos
887 737 1024 775 venire.
1094 737 1179 775 Tali
1207 737 1309 775 enim
1342 745 1435 775 tern-

91 818 129 841 10
147 814 238 851 pore
257 802 367 838 ludos
387 802 509 838 facere
529 800 581 837 illi
601 802 806 838 honestum
829 807 885 838 est
913 800 974 838 cui
999 813 1155 838 necesse
1174 808 1241 847 est,
1263 808 1434 849 spectare

148 864 241 901 mihi
273 872 313 901 ut
350 878 428 902 non
465 872 521 902 est
557 877 713 902 necesse
751 863 803 901 sic
841 877 889 901 ne
926 865 1131 901 honestum
1169 863 1326 913 quidem
1364 871 1430 901 est.

149 927 339 976 Equidem
359 926 442 965 illos
462 927 642 965 celebrari
661 935 698 965 et
718 940 799 965 esse
819 940 935 976 quam
963 927 1195 976 gratissimos
1216 927 1434 965 mirabiliter

147 990 260 1039 cupio
280 990 396 1039 idque
421 990 474 1028 ita
498 992 665 1028 futurum
693 1004 776 1028 esse
802 991 957 1028 confido
983 998 1019 1027 et
1045 998 1171 1028 tecum
1194 1003 1266 1039 ago
1294 998 1335 1027 ut
1358 990 1434 1027 iam

146 1054 196 1091 ab
215 1053 297 1102 ipsa
315 1053 586 1092 commissione
609 1055 658 1092 ad
678 1067 739 1092 me
759 1067 874 1103 quem
893 1055 943 1091 ad
963 1055 1123 1092 modurn
1142 1053 1376 1103 accipiantur
1395 1053 1435 1090 hi

90 1134 126 1165 15
147 1117 240 1163 ludi,
270 1116 411 1155 deinde
443 1117 573 1155 omnia
602 1117 833 1166 reliquorum
865 1118 1043 1155 ludorum
1081 1116 1119 1153 in
1152 1116 1233 1154 dies
1266 1116 1434 1165 singulos

147 1194 382 1230 persequare.
440 1182 516 1219 Sed
535 1182 584 1219 de
603 1180 702 1218 ludis
722 1182 916 1218 hactenus.
962 1180 1126 1229 Reliqua
1145 1194 1230 1229 pars
1250 1180 1434 1229 epistulae
1452 1191 1476 1218 2

147 1253 204 1282 est
227 1245 289 1282 illa
313 1244 469 1294 quidem
494 1244 533 1281 in
560 1251 759 1292 utramque
787 1252 943 1292 partem,
966 1245 1034 1281 sed
1060 1251 1188 1281 tamen
1211 1256 1290 1281 non
1309 1245 1434 1281 nullos

147 1307 338 1346 interdum
367 1307 454 1345 iacit
483 1306 667 1356 igniculos
692 1305 815 1344 virilis.
874 1308 991 1354 Quod
1018 1308 1130 1355 quale
1156 1306 1224 1344 tibi
1247 1306 1437 1344 videretur

148 1378 189 1408 ut
229 1384 360 1420 posses
398 1369 643 1419 interpretari,
684 1369 767 1407 misi
810 1371 859 1407 ad
897 1377 933 1407 te
974 1371 1191 1419 exemplum
1229 1369 1438 1418 epistulae3

90 1449 128 1471 20
148 1447 381 1483 quamquam
414 1433 508 1471 mihi
537 1433 752 1472 tabellarius
785 1440 913 1470 noster
944 1432 1089 1471 dixerat
1117 1432 1185 1470 tibi
1214 1446 1369 1482 quoque
1397 1447 1437 1472 56

147 1498 317 1536 attulisse
354 1497 495 1535 litteras
526 1511 549 1535 a
583 1499 701 1535 Bruto
731 1509 871 1546 easque
902 1497 951 1534 ad
983 1504 1019 1534 te
1052 1509 1073 1534 6
1105 1498 1326 1534 Tusculano
1354 1510 1437 1535 esse

148 1562 302 1598 delatas.

202 1626 284 1672 Ego
325 1623 459 1661 itinera
504 1623 557 1661 sic
603 1636 894 1673 composueram
941 1630 983 1660 ut
1029 1622 1151 1661 Nonis
1199 1622 1436 1670 Quintilibus
1455 1629 1479 1667 3

150 1687 317 1725 Puteolis
337 1700 484 1733 essem3
512 1688 622 1725 valde
650 1687 753 1725 enim
783 1686 931 1734 festino,
953 1686 1005 1724 ita
1030 1693 1158 1724 tamen
1182 1694 1223 1724 ut
1249 1694 1436 1735 quantum

91 1765 128 1796 ²5
150 1751 267 1788 homo
300 1750 418 1800 possit
451 1764 566 1799 quam
595 1750 812 1788 cautissime
842 1750 1026 1800 navigem.
1086 1752 1140 1787 M.
1166 1750 1318 1788 Aelium
1347 1760 1479 1798 cura4

149 1813 349 1860 liberabis;
382 1827 443 1851 me
471 1826 613 1863 paucos
642 1814 759 1862 pedes
788 1813 827 1850 in
856 1821 1024 1851 extremo
1053 1814 1174 1851 fundo
1202 1821 1239 1851 et
1267 1827 1333 1851 eos
1358 1813 1438 1862 qui-

149 1879 238 1916 dem
266 1878 530 1916 subterraneos
559 1877 745 1914 servitutis
774 1884 927 1926 putasse
954 1876 1099 1926 aliquid
1127 1877 1332 1915 habituros.
1391 1878 1439 1915 Id

193 1989 211 2008 2
234 1979 406 2009 missurum
422 1975 459 2008 Z‘
476 1990 481 2008 1
507 1979 642 2008 missum
656 1978 713 2007 M:
737 1988 754 2007 a
769 1988 820 2007 me
839 2001 845 2008 .
867 2002 873 2007 .
893 2002 898 2007 .
914 1978 1046 2008 missum
1061 1979 1147 2017 vulg.
1234 1979 1255 2006 6
1278 1987 1344 2007 non
1361 1977 1434 2007 add.

153 2020 226 2052 Vict.
315 2022 435 2051 deinde
457 2020 658 2059 Wesenlmg:
696 2021 736 2050 de
761 2030 812 2049 me
836 2019 894 2049 M:
932 2021 1009 2050 dein
1037 2020 1110 2050 Vict.
1246 2030 1283 2058 15
1307 2021 1339 2050 in
1370 2030 1398 2050 v.
1415 2031 1438 2051 c.

150 2062 177 2092 L
194 2064 329 2103 (marg.)
348 2058 427 2093 2122:
459 2074 522 2093 om.
543 2062 582 2091 M
725 2072 760 2099 17
785 2066 835 2092 est
860 2062 927 2091 RP
949 2062 1029 2092 Ant.
1048 2074 1053 2092 ε
1090 2073 1155 2092 om.
1178 2067 1205 2092 Δ
1305 2063 1440 2101 quidem

153 2100 230 2135 CZM
248 2116 274 2136 v.
291 2117 313 2136 c.
332 2109 375 2135 Σε
399 2115 539 2143 namque
558 2109 584 2133 Δ
686 2110 812 2142 partem
833 2099 911 2134 CZM
929 2115 956 2135 v.
968 2116 989 2135 c.
1009 2116 1015 2134 :
1039 2115 1101 2134 om.
1122 2108 1174 2135 ΣΔ
1335 2115 1373 2134 21
1399 2106 1439 2135 ad

151 2152 183 2177 te
207 2159 224 2177 e
242 2142 303 2177 Zb:
329 2148 370 2177 ad
387 2153 418 2177 te
437 2147 499 2177 OR
515 2159 520 2177 :
543 2157 562 2176 a
579 2145 617 2174 M
736 2148 776 2175 26
800 2147 868 2186 me]
888 2147 915 2176 is
931 2157 983 2176 me
1000 2146 1114 2176 Lamb.
1140 2146 1208 2177 edd.
1227 2158 1240 2176 :0-
1257 2157 1299 2176 ne
1324 2147 1443 2177 Gurlz'tt

150 2190 254 2228 pedes
274 2189 438 2219 Turnebus
454 2189 606 2228 Madvzg:
630 2198 671 2227 pe
689 2185 745 2219 Zl:
786 2199 905 2226 specus
926 2182 963 2218 Zl
985 2187 1100 2219 Lcrmb.
1120 2200 1127 2219 ε
1159 2199 1217 2227 spe
1242 2188 1282 2218 M
1400 2199 1438 2227 27

151 2237 283 2270 putasse
306 2231 429 2270 aliquid
453 2231 609 2270 Madvtg:
643 2232 728 2269 apud
754 2231 818 2260 tale
843 2231 922 2268 quid
946 2231 1001 2262 M:
1035 2235 1129 2270 putet
1155 2231 1279 2269 aliquid
1301 2231 1439 2261 Gurlitt:

150 2273 236 2310 quod
247 2273 315 2303 edd.
336 2273 491 2303 Gronovt'o
506 2276 629 2302 auctore
643 2272 723 2301 dant
737 2273 990 2302 subterraneos:
1013 2274 1180 2302 servitutis
1202 2277 1295 2311 putat
1317 2273 1438 2312 aliquid

151 2315 322 2345 habituros
338 2316 391 2345 vix
403 2317 471 2345 sine
486 2315 574 2345 verbo
588 2315 753 2344 sementina
764 2315 867 2353 priori
879 2314 987 2344 addito
1004 2315 1138 2354 intellegi
1146 2318 1249 2354 potest
