<?xml version="1.0" encoding="UTF-8"?>
<!DOCTYPE html PUBLIC "-//W3C//DTD XHTML 1.0 Transitional//EN"
    "http://www.w3.org/TR/xhtml1/DTD/xhtml1-transitional.dtd">
<html xmlns="http://www.w3.org/1999/xhtml" xml:lang="en" lang="en">
 <head>
  <title>
</title>
<meta http-equiv="Content-Type" content="text/html;charset=utf-8" />
  <meta name='ocr-system' content='tesseract 3.04.00' />
  <meta name='ocr-capabilities' content='ocr_page ocr_carea ocr_par ocr_line ocrx_word'/>
</head>
<body>
  <div class='ocr_page' id='page_1' title='image "./mtulliciceronise00cice/mtulliciceronise00cice_0173.png"; bbox 0 0 1590 2730; ppageno 0'>
   <div class='ocr_carea' id='block_1_1' title="bbox 522 128 1562 173">
    <p class='ocr_par' dir='ltr' id='par_1_1' title="bbox 522 128 1562 173">
     <span class='ocr_line' id='line_1_1' title="bbox 522 128 1562 173; baseline -0.005 -5"><span class='ocrx_word' id='word_1_1' title='bbox 522 133 631 168; x_wconf 90' lang='lat' dir='ltr'>EPP.</span> <span class='ocrx_word' id='word_1_2' title='bbox 663 133 738 168; x_wconf 83' lang='lat' dir='ltr'>AD</span> <span class='ocrx_word' id='word_1_3' title='bbox 767 131 1019 170; x_wconf 78' lang='lat' dir='ltr'>ATTICVM</span> <span class='ocrx_word' id='word_1_4' title='bbox 1255 130 1370 166; x_wconf 92' lang='lat' dir='ltr'>XIII.</span> <span class='ocrx_word' id='word_1_5' title='bbox 1393 128 1478 173; x_wconf 82' lang='lat' dir='ltr'>xiv,</span> <span class='ocrx_word' id='word_1_6' title='bbox 1501 138 1562 163; x_wconf 88' lang='lat' dir='ltr'>xv</span> 
     </span>
    </p>
   </div>
   <div class='ocr_carea' id='block_1_2' title="bbox 89 236 1510 790">
    <p class='ocr_par' dir='ltr' id='par_1_2' title="bbox 126 236 1415 413">
     <span class='ocr_line' id='line_1_2' title="bbox 127 236 1415 287; baseline 0 -14"><span class='ocrx_word' id='word_1_7' title='bbox 127 236 220 285; x_wconf 90' lang='lat' dir='ltr'>quid</span> <span class='ocrx_word' id='word_1_8' title='bbox 251 237 422 285; x_wconf 75' lang='lat' dir='ltr'>pertinet.</span> <span class='ocrx_word' id='word_1_9' title='bbox 491 239 592 275; x_wconf 90' lang='lat' dir='ltr'>Nam</span> <span class='ocrx_word' id='word_1_10' title='bbox 623 238 717 276; x_wconf 92' lang='lat' dir='ltr'>scito</span> <span class='ocrx_word' id='word_1_11' title='bbox 751 247 786 276; x_wconf 91' lang='lat' dir='ltr'>te</span> <span class='ocrx_word' id='word_1_12' title='bbox 820 238 853 275; x_wconf 91' lang='lat' dir='ltr'>ei</span> <span class='ocrx_word' id='word_1_13' title='bbox 891 238 1043 287; x_wconf 82' lang='lat' dir='ltr'>dialogo</span> <span class='ocrx_word' id='word_1_14' title='bbox 1075 237 1298 274; x_wconf 88' lang='lat' dir='ltr'>adiunctum</span> <span class='ocrx_word' id='word_1_15' title='bbox 1333 249 1415 273; x_wconf 88' lang='lat' dir='ltr'>esse</span> 
     </span>
     <span class='ocr_line' id='line_1_3' title="bbox 126 299 1414 349; baseline -0.001 -13"><span class='ocrx_word' id='word_1_16' title='bbox 126 299 287 337; x_wconf 89' lang='lat' dir='ltr'>tertium.</span> <span class='ocrx_word' id='word_1_17' title='bbox 346 300 494 349; x_wconf 92' lang='lat' dir='ltr'>Opinor</span> <span class='ocrx_word' id='word_1_18' title='bbox 525 301 636 349; x_wconf 88' lang='lat' dir='ltr'>igitur</span> <span class='ocrx_word' id='word_1_19' title='bbox 665 301 960 338; x_wconf 81' lang='lat' dir='ltr'>consideremus.</span> <span class='ocrx_word' id='word_1_20' title='bbox 1031 300 1112 337; x_wconf 84' lang='lat' dir='ltr'>Etsi</span> <span class='ocrx_word' id='word_1_21' title='bbox 1146 299 1301 337; x_wconf 85' lang='lat' dir='ltr'>nomina</span> <span class='ocrx_word' id='word_1_22' title='bbox 1339 299 1414 336; x_wconf 87' lang='lat' dir='ltr'>iam</span> 
     </span>
     <span class='ocr_line' id='line_1_4' title="bbox 126 363 1099 413; baseline 0.001 -14"><span class='ocrx_word' id='word_1_23' title='bbox 126 364 224 399; x_wconf 89' lang='lat' dir='ltr'>facta</span> <span class='ocrx_word' id='word_1_24' title='bbox 243 370 330 400; x_wconf 90' lang='lat' dir='ltr'>sunt</span> <span class='ocrx_word' id='word_1_25' title='bbox 344 378 353 410; x_wconf 78' lang='lat'><em>3</em></span> <span class='ocrx_word' id='word_1_26' title='bbox 381 364 449 401; x_wconf 88' lang='lat' dir='ltr'>sed</span> <span class='ocrx_word' id='word_1_27' title='bbox 469 365 528 401; x_wconf 93' lang='lat' dir='ltr'>vel</span> <span class='ocrx_word' id='word_1_28' title='bbox 547 363 677 401; x_wconf 89' lang='lat' dir='ltr'>induci</span> <span class='ocrx_word' id='word_1_29' title='bbox 696 366 755 401; x_wconf 91' lang='lat' dir='ltr'>vel</span> <span class='ocrx_word' id='word_1_30' title='bbox 775 363 910 401; x_wconf 87' lang='lat' dir='ltr'>mutari</span> <span class='ocrx_word' id='word_1_31' title='bbox 930 371 1099 413; x_wconf 83' lang='lat' dir='ltr'>possunt.</span> 
     </span>
    </p>

    <p class='ocr_par' dir='ltr' id='par_1_3' title="bbox 178 425 1456 475">
     <span class='ocr_line' id='line_1_5' title="bbox 178 425 1456 475; baseline 0.002 -13"><span class='ocrx_word' id='word_1_32' title='bbox 178 425 284 473; x_wconf 87' lang='lat' dir='ltr'>Quid</span> <span class='ocrx_word' id='word_1_33' title='bbox 306 426 392 475; x_wconf 85' lang='lat' dir='ltr'>agit,</span> <span class='ocrx_word' id='word_1_34' title='bbox 415 427 575 464; x_wconf 90' lang='lat' dir='ltr'>obsecro</span> <span class='ocrx_word' id='word_1_35' title='bbox 595 434 642 473; x_wconf 92' lang='lat' dir='ltr'>te,</span> <span class='ocrx_word' id='word_1_36' title='bbox 664 426 792 464; x_wconf 86' lang='lat' dir='ltr'>Attica</span> <span class='ocrx_word' id='word_1_37' title='bbox 811 428 967 464; x_wconf 88' lang='lat' dir='ltr'>nostra?</span> <span class='ocrx_word' id='word_1_38' title='bbox 1022 427 1124 463; x_wconf 91' lang='lat' dir='ltr'>Nam</span> <span class='ocrx_word' id='word_1_39' title='bbox 1144 425 1270 463; x_wconf 90' lang='lat' dir='ltr'>triduo</span> <span class='ocrx_word' id='word_1_40' title='bbox 1289 425 1358 462; x_wconf 92' lang='lat' dir='ltr'>abs</span> <span class='ocrx_word' id='word_1_41' title='bbox 1378 433 1414 462; x_wconf 90' lang='lat' dir='ltr'>te</span> <span class='ocrx_word' id='word_1_42' title='bbox 1432 428 1456 464; x_wconf 70' lang='lat'>2‘</span> 
     </span>
    </p>

    <p class='ocr_par' dir='ltr' id='par_1_4' title="bbox 89 481 1510 790">
     <span class='ocr_line' id='line_1_6' title="bbox 89 481 1510 540; baseline 0 -15"><span class='ocrx_word' id='word_1_43' title='bbox 89 500 105 530; x_wconf 83' lang='lat'><strong><em>5</em></strong></span> <span class='ocrx_word' id='word_1_44' title='bbox 126 490 247 525; x_wconf 84' lang='lat' dir='ltr'>nullas</span> <span class='ocrx_word' id='word_1_45' title='bbox 275 502 522 538; x_wconf 78' lang='lat' dir='ltr'>acceperam3</span> <span class='ocrx_word' id='word_1_46' title='bbox 560 503 631 527; x_wconf 90' lang='lat' dir='ltr'>nec</span> <span class='ocrx_word' id='word_1_47' title='bbox 665 489 812 540; x_wconf 84' lang='lat' dir='ltr'>mirum.</span> <span class='ocrx_word' id='word_1_48' title='bbox 871 491 998 527; x_wconf 91' lang='lat' dir='ltr'>Nemo</span> <span class='ocrx_word' id='word_1_49' title='bbox 1031 488 1132 526; x_wconf 91' lang='lat' dir='ltr'>enim</span> <span class='ocrx_word' id='word_1_50' title='bbox 1162 496 1315 526; x_wconf 87' lang='lat' dir='ltr'>venerat</span> <span class='ocrx_word' id='word_1_51' title='bbox 1343 501 1414 525; x_wconf 88' lang='lat' dir='ltr'>nec</span> <span class='ocrx_word' id='word_1_52' title='bbox 1434 481 1510 520; x_wconf 46' lang='lat' dir='ltr'>ng)</span> 
     </span>
     <span class='ocr_line' id='line_1_7' title="bbox 125 551 1413 601; baseline -0.001 -13"><span class='ocrx_word' id='word_1_53' title='bbox 125 553 281 588; x_wconf 85' lang='lat' dir='ltr'>fortasse</span> <span class='ocrx_word' id='word_1_54' title='bbox 318 565 432 590; x_wconf 85' lang='lat' dir='ltr'>causa</span> <span class='ocrx_word' id='word_1_55' title='bbox 468 554 597 590; x_wconf 90' lang='lat' dir='ltr'>fuerat.</span> <span class='ocrx_word' id='word_1_56' title='bbox 661 554 796 601; x_wconf 89' lang='lat' dir='ltr'>Itaque</span> <span class='ocrx_word' id='word_1_57' title='bbox 834 552 915 601; x_wconf 89' lang='lat' dir='ltr'>ipse</span> <span class='ocrx_word' id='word_1_58' title='bbox 953 553 1058 601; x_wconf 87' lang='lat' dir='ltr'>quod</span> <span class='ocrx_word' id='word_1_59' title='bbox 1095 551 1297 589; x_wconf 79' lang='lat' dir='ltr'>scriberem</span> <span class='ocrx_word' id='word_1_60' title='bbox 1336 564 1413 588; x_wconf 90' lang='lat' dir='ltr'>non</span> 
     </span>
     <span class='ocr_line' id='line_1_8' title="bbox 123 615 1413 667; baseline 0 -16"><span class='ocrx_word' id='word_1_61' title='bbox 123 615 325 667; x_wconf 65' lang='lat' dir='ltr'>habebam.</span> <span class='ocrx_word' id='word_1_62' title='bbox 385 616 474 662; x_wconf 85' lang='lat' dir='ltr'>Quo</span> <span class='ocrx_word' id='word_1_63' title='bbox 494 623 622 653; x_wconf 90' lang='lat' dir='ltr'>autem</span> <span class='ocrx_word' id='word_1_64' title='bbox 642 616 704 653; x_wconf 90' lang='lat' dir='ltr'>die</span> <span class='ocrx_word' id='word_1_65' title='bbox 724 617 791 653; x_wconf 84' lang='lat' dir='ltr'>has</span> <span class='ocrx_word' id='word_1_66' title='bbox 812 616 964 653; x_wconf 78' lang='lat' dir='ltr'>Valerio</span> <span class='ocrx_word' id='word_1_67' title='bbox 984 616 1124 653; x_wconf 87' lang='lat' dir='ltr'>dabam</span> <span class='ocrx_word' id='word_1_68' title='bbox 1145 615 1413 663; x_wconf 78' lang='lat' dir='ltr'>exspectabam</span> 
     </span>
     <span class='ocr_line' id='line_1_9' title="bbox 124 677 1410 727; baseline 0 -13"><span class='ocrx_word' id='word_1_69' title='bbox 124 677 291 726; x_wconf 87' lang='lat' dir='ltr'>aliquem</span> <span class='ocrx_word' id='word_1_70' title='bbox 319 691 501 715; x_wconf 91' lang='lat' dir='ltr'>meorum.</span> <span class='ocrx_word' id='word_1_71' title='bbox 561 678 639 725; x_wconf 85' lang='lat' dir='ltr'>Qui</span> <span class='ocrx_word' id='word_1_72' title='bbox 667 678 697 715; x_wconf 90' lang='lat' dir='ltr'>si</span> <span class='ocrx_word' id='word_1_73' title='bbox 720 678 884 716; x_wconf 86' lang='lat' dir='ltr'>venisset</span> <span class='ocrx_word' id='word_1_74' title='bbox 913 687 949 716; x_wconf 93' lang='lat' dir='ltr'>et</span> <span class='ocrx_word' id='word_1_75' title='bbox 977 692 1000 716; x_wconf 89' lang='lat' dir='ltr'>a</span> <span class='ocrx_word' id='word_1_76' title='bbox 1028 686 1064 716; x_wconf 92' lang='lat' dir='ltr'>te</span> <span class='ocrx_word' id='word_1_77' title='bbox 1093 677 1186 727; x_wconf 91' lang='lat' dir='ltr'>quid</span> <span class='ocrx_word' id='word_1_78' title='bbox 1214 677 1410 724; x_wconf 85' lang='lat' dir='ltr'>attulisset,</span> 
     </span>
     <span class='ocr_line' id='line_1_10' title="bbox 124 740 996 790; baseline 0.002 -13"><span class='ocrx_word' id='word_1_79' title='bbox 124 740 302 778; x_wconf 85' lang='lat' dir='ltr'>videbam</span> <span class='ocrx_word' id='word_1_80' title='bbox 321 753 399 778; x_wconf 89' lang='lat' dir='ltr'>non</span> <span class='ocrx_word' id='word_1_81' title='bbox 420 742 637 778; x_wconf 88' lang='lat' dir='ltr'>defuturum</span> <span class='ocrx_word' id='word_1_82' title='bbox 659 743 764 790; x_wconf 93' lang='lat' dir='ltr'>quod</span> <span class='ocrx_word' id='word_1_83' title='bbox 784 741 996 779; x_wconf 86' lang='lat' dir='ltr'>scriberem.</span> 
     </span>
    </p>
   </div>
   <div class='ocr_carea' id='block_1_3' title="bbox 69 881 1136 1004">
    <p class='ocr_par' dir='ltr' id='par_1_5' title="bbox 69 881 1136 1004">
     <span class='ocr_line' id='line_1_11' title="bbox 69 881 1136 928; baseline 0.003 -13"><span class='ocrx_word' id='word_1_84' title='bbox 69 893 107 916; x_wconf 90' lang='lat'>10</span> <span class='ocrx_word' id='word_1_85' title='bbox 167 881 274 916; x_wconf 88' lang='lat' dir='ltr'>XVI</span> <span class='ocrx_word' id='word_1_86' title='bbox 394 884 459 916; x_wconf 76' lang='lat' dir='ltr'>Ser.</span> <span class='ocrx_word' id='word_1_87' title='bbox 479 885 512 915; x_wconf 80' lang='lat' dir='ltr'>in</span> <span class='ocrx_word' id='word_1_88' title='bbox 527 885 684 925; x_wconf 77' lang='lat' dir='ltr'>Arpinati</span> <span class='ocrx_word' id='word_1_89' title='bbox 695 887 726 916; x_wconf 76' lang='lat' dir='ltr'>iv</span> <span class='ocrx_word' id='word_1_90' title='bbox 741 886 782 917; x_wconf 86' lang='lat' dir='ltr'>K.</span> <span class='ocrx_word' id='word_1_91' title='bbox 801 887 910 925; x_wconf 77' lang='lat' dir='ltr'>Quint.</span> <span class='ocrx_word' id='word_1_92' title='bbox 931 898 960 918; x_wconf 86' lang='grc' dir='ltr'>α.</span> <span class='ocrx_word' id='word_1_93' title='bbox 982 897 1040 928; x_wconf 87' lang='lat'>709</span> <span class='ocrx_word' id='word_1_94' title='bbox 1057 886 1136 928; x_wconf 52' lang='grc' dir='ltr'>(θ’).</span> 
     </span>
     <span class='ocr_line' id='line_1_12' title="bbox 520 958 1021 1004; baseline 0.002 -2"><span class='ocrx_word' id='word_1_95' title='bbox 520 958 686 1002; x_wconf 67' lang='lat' dir='ltr'><em>CICERO</em></span> <span class='ocrx_word' id='word_1_96' title='bbox 715 972 891 1002; x_wconf 81' lang='lat' dir='ltr'><em>ATTICO</em></span> <span class='ocrx_word' id='word_1_97' title='bbox 920 972 1021 1004; x_wconf 78' lang='lat' dir='ltr'>SAL.</span> 
     </span>
    </p>
   </div>
   <div class='ocr_carea' id='block_1_4' title="bbox 63 1057 1449 1995">
    <p class='ocr_par' dir='ltr' id='par_1_6' title="bbox 122 1057 1447 1232">
     <span class='ocr_line' id='line_1_13' title="bbox 177 1057 1447 1108; baseline -0.001 -13"><span class='ocrx_word' id='word_1_98' title='bbox 177 1059 258 1095; x_wconf 84' lang='lat' dir='ltr'>Nos</span> <span class='ocrx_word' id='word_1_99' title='bbox 285 1071 372 1095; x_wconf 92' lang='lat' dir='ltr'>cum</span> <span class='ocrx_word' id='word_1_100' title='bbox 399 1057 556 1095; x_wconf 88' lang='lat' dir='ltr'>flumina</span> <span class='ocrx_word' id='word_1_101' title='bbox 575 1065 612 1095; x_wconf 91' lang='lat' dir='ltr'>et</span> <span class='ocrx_word' id='word_1_102' title='bbox 633 1058 877 1096; x_wconf 84' lang='lat' dir='ltr'>solitudinem</span> <span class='ocrx_word' id='word_1_103' title='bbox 899 1072 1143 1108; x_wconf 86' lang='lat' dir='ltr'>sequeremur</span> <span class='ocrx_word' id='word_1_104' title='bbox 1164 1073 1240 1108; x_wconf 89' lang='lat' dir='ltr'>quo</span> <span class='ocrx_word' id='word_1_105' title='bbox 1267 1058 1411 1096; x_wconf 85' lang='lat' dir='ltr'>facilius</span> <span class='ocrx_word' id='word_1_106' title='bbox 1431 1069 1447 1094; x_wconf 94' lang='lat'>1</span> 
     </span>
     <span class='ocr_line' id='line_1_14' title="bbox 123 1122 1410 1172; baseline 0.001 -15"><span class='ocrx_word' id='word_1_107' title='bbox 123 1128 332 1158; x_wconf 87' lang='lat' dir='ltr'>sustentare</span> <span class='ocrx_word' id='word_1_108' title='bbox 361 1134 430 1157; x_wconf 90' lang='lat' dir='ltr'>nos</span> <span class='ocrx_word' id='word_1_109' title='bbox 459 1134 668 1169; x_wconf 87' lang='lat' dir='ltr'>possemus,</span> <span class='ocrx_word' id='word_1_110' title='bbox 691 1123 829 1170; x_wconf 89' lang='lat' dir='ltr'>pedem</span> <span class='ocrx_word' id='word_1_111' title='bbox 854 1135 874 1159; x_wconf 95' lang='lat' dir='ltr'>e</span> <span class='ocrx_word' id='word_1_112' title='bbox 898 1122 985 1159; x_wconf 88' lang='lat' dir='ltr'>villa</span> <span class='ocrx_word' id='word_1_113' title='bbox 1012 1124 1139 1160; x_wconf 90' lang='lat' dir='ltr'>adhuc</span> <span class='ocrx_word' id='word_1_114' title='bbox 1167 1122 1304 1172; x_wconf 84' lang='lat' dir='ltr'>egressi</span> <span class='ocrx_word' id='word_1_115' title='bbox 1334 1135 1410 1159; x_wconf 90' lang='lat' dir='ltr'>non</span> 
     </span>
     <span class='ocr_line' id='line_1_15' title="bbox 122 1184 1409 1232; baseline 0.001 -11"><span class='ocrx_word' id='word_1_116' title='bbox 122 1197 253 1221; x_wconf 88' lang='lat' dir='ltr'>sumus</span> <span class='ocrx_word' id='word_1_117' title='bbox 268 1199 277 1230; x_wconf 79' lang='lat'><em>3</em></span> <span class='ocrx_word' id='word_1_118' title='bbox 305 1184 355 1221; x_wconf 89' lang='lat' dir='ltr'>ita</span> <span class='ocrx_word' id='word_1_119' title='bbox 382 1197 539 1232; x_wconf 87' lang='lat' dir='ltr'>magnos</span> <span class='ocrx_word' id='word_1_120' title='bbox 565 1192 602 1222; x_wconf 90' lang='lat' dir='ltr'>et</span> <span class='ocrx_word' id='word_1_121' title='bbox 627 1185 809 1222; x_wconf 87' lang='lat' dir='ltr'>adsiduos</span> <span class='ocrx_word' id='word_1_122' title='bbox 835 1185 965 1223; x_wconf 87' lang='lat' dir='ltr'>imbris</span> <span class='ocrx_word' id='word_1_123' title='bbox 994 1186 1241 1224; x_wconf 81' lang='lat' dir='ltr'>habebamus.</span> <span class='ocrx_word' id='word_1_124' title='bbox 1301 1187 1409 1222; x_wconf 88' lang='lat' dir='ltr'>Illam</span> 
     </span>
    </p>

    <p class='ocr_par' dir='ltr' id='par_1_7' title="bbox 69 1247 1412 1550">
     <span class='ocr_line' id='line_1_16' title="bbox 69 1247 1411 1296; baseline 0.001 -13"><span class='ocrx_word' id='word_1_125' title='bbox 69 1260 104 1291; x_wconf 83' lang='lat'>15</span> <span class='ocrx_word' id='word_1_126' title='bbox 123 1247 367 1296; x_wconf 84' lang='grc' dir='ltr'>Ἀκαδημικὴν</span> <span class='ocrx_word' id='word_1_127' title='bbox 385 1249 552 1292; x_wconf 78' lang='grc' dir='ltr'>σύνταξιν</span> <span class='ocrx_word' id='word_1_128' title='bbox 567 1255 686 1284; x_wconf 90' lang='lat' dir='ltr'>totam</span> <span class='ocrx_word' id='word_1_129' title='bbox 702 1249 751 1284; x_wconf 86' lang='lat' dir='ltr'>ad</span> <span class='ocrx_word' id='word_1_130' title='bbox 767 1250 977 1285; x_wconf 67' lang='lat' dir='ltr'>Varronem</span> <span class='ocrx_word' id='word_1_131' title='bbox 999 1248 1242 1286; x_wconf 83' lang='lat' dir='ltr'>traduximus.</span> <span class='ocrx_word' id='word_1_132' title='bbox 1284 1248 1411 1285; x_wconf 90' lang='lat' dir='ltr'>Primo</span> 
     </span>
     <span class='ocr_line' id='line_1_17' title="bbox 122 1310 1412 1360; baseline 0.001 -13"><span class='ocrx_word' id='word_1_133' title='bbox 122 1311 191 1348; x_wconf 88' lang='lat' dir='ltr'>fuit</span> <span class='ocrx_word' id='word_1_134' title='bbox 211 1311 347 1356; x_wconf 89' lang='lat' dir='ltr'>Catuli,</span> <span class='ocrx_word' id='word_1_135' title='bbox 371 1310 530 1357; x_wconf 91' lang='lat' dir='ltr'>Luculli,</span> <span class='ocrx_word' id='word_1_136' title='bbox 561 1311 744 1348; x_wconf 86' lang='lat' dir='ltr'>Hortensi</span> <span class='ocrx_word' id='word_1_137' title='bbox 759 1325 768 1357; x_wconf 77' lang='lat'><em>3</em></span> <span class='ocrx_word' id='word_1_138' title='bbox 804 1311 944 1349; x_wconf 84' lang='lat' dir='ltr'>deinde</span> <span class='ocrx_word' id='word_1_139' title='bbox 970 1312 1059 1360; x_wconf 88' lang='lat' dir='ltr'>quia</span> <span class='ocrx_word' id='word_1_140' title='bbox 1085 1314 1182 1360; x_wconf 79' lang='grc' dir='ltr'>παρὰ</span> <span class='ocrx_word' id='word_1_141' title='bbox 1208 1313 1249 1349; x_wconf 84' lang='grc' dir='ltr'>τὸ</span> <span class='ocrx_word' id='word_1_142' title='bbox 1276 1312 1412 1360; x_wconf 86' lang='grc' dir='ltr'>πρέπον</span> 
     </span>
     <span class='ocr_line' id='line_1_18' title="bbox 121 1374 1410 1424; baseline 0.002 -13"><span class='ocrx_word' id='word_1_143' title='bbox 121 1374 329 1420; x_wconf 90' lang='lat' dir='ltr'>videbatur,</span> <span class='ocrx_word' id='word_1_144' title='bbox 352 1375 457 1423; x_wconf 88' lang='lat' dir='ltr'>quod</span> <span class='ocrx_word' id='word_1_145' title='bbox 482 1382 560 1412; x_wconf 88' lang='lat' dir='ltr'>erat</span> <span class='ocrx_word' id='word_1_146' title='bbox 586 1374 806 1412; x_wconf 87' lang='lat' dir='ltr'>hominibus</span> <span class='ocrx_word' id='word_1_147' title='bbox 832 1383 923 1412; x_wconf 86' lang='lat' dir='ltr'>nota</span> <span class='ocrx_word' id='word_1_148' title='bbox 951 1389 1029 1412; x_wconf 94' lang='lat' dir='ltr'>non</span> <span class='ocrx_word' id='word_1_149' title='bbox 1052 1376 1115 1413; x_wconf 87' lang='lat' dir='ltr'>illa</span> <span class='ocrx_word' id='word_1_150' title='bbox 1134 1375 1289 1424; x_wconf 90' lang='lat' dir='ltr'>quidem</span> <span class='ocrx_word' id='word_1_151' title='bbox 1311 1378 1410 1413; x_wconf 85' lang='grc' dir='ltr'>ἀπαι-</span> 
     </span>
     <span class='ocr_line' id='line_1_19' title="bbox 122 1437 1410 1486; baseline 0.001 -12"><span class='ocrx_word' id='word_1_152' title='bbox 122 1437 244 1475; x_wconf 83' lang='grc' dir='ltr'>δευσία</span> <span class='ocrx_word' id='word_1_153' title='bbox 273 1438 340 1474; x_wconf 89' lang='lat' dir='ltr'>sed</span> <span class='ocrx_word' id='word_1_154' title='bbox 371 1437 409 1474; x_wconf 86' lang='lat' dir='ltr'>in</span> <span class='ocrx_word' id='word_1_155' title='bbox 439 1437 482 1474; x_wconf 89' lang='lat' dir='ltr'>iis</span> <span class='ocrx_word' id='word_1_156' title='bbox 514 1437 625 1474; x_wconf 88' lang='lat' dir='ltr'>rebus</span> <span class='ocrx_word' id='word_1_157' title='bbox 659 1439 813 1486; x_wconf 79' lang='grc' dir='ltr'>ἀτριψία,</span> <span class='ocrx_word' id='word_1_158' title='bbox 847 1438 958 1475; x_wconf 90' lang='lat' dir='ltr'>simul</span> <span class='ocrx_word' id='word_1_159' title='bbox 995 1452 1039 1476; x_wconf 86' lang='lat' dir='ltr'>ac</span> <span class='ocrx_word' id='word_1_160' title='bbox 1069 1439 1155 1476; x_wconf 88' lang='lat' dir='ltr'>veni</span> <span class='ocrx_word' id='word_1_161' title='bbox 1188 1440 1237 1476; x_wconf 88' lang='lat' dir='ltr'>ad</span> <span class='ocrx_word' id='word_1_162' title='bbox 1270 1439 1410 1486; x_wconf 86' lang='lat' dir='ltr'>villam,</span> 
     </span>
     <span class='ocr_line' id='line_1_20' title="bbox 121 1500 1405 1550; baseline 0.001 -12"><span class='ocrx_word' id='word_1_163' title='bbox 121 1502 278 1538; x_wconf 85' lang='lat' dir='ltr'>eosdem</span> <span class='ocrx_word' id='word_1_164' title='bbox 311 1500 394 1538; x_wconf 88' lang='lat' dir='ltr'>illos</span> <span class='ocrx_word' id='word_1_165' title='bbox 427 1514 620 1538; x_wconf 87' lang='lat' dir='ltr'>sermones</span> <span class='ocrx_word' id='word_1_166' title='bbox 650 1502 699 1538; x_wconf 87' lang='lat' dir='ltr'>ad</span> <span class='ocrx_word' id='word_1_167' title='bbox 731 1502 919 1539; x_wconf 84' lang='lat' dir='ltr'>Catonem</span> <span class='ocrx_word' id='word_1_168' title='bbox 955 1504 1191 1550; x_wconf 85' lang='lat' dir='ltr'>Brutumque</span> <span class='ocrx_word' id='word_1_169' title='bbox 1224 1502 1405 1539; x_wconf 84' lang='lat' dir='ltr'>transtuli.</span> 
     </span>
    </p>

    <p class='ocr_par' dir='ltr' id='par_1_8' title="bbox 64 1563 1449 1803">
     <span class='ocr_line' id='line_1_21' title="bbox 64 1563 1408 1614; baseline 0.001 -12"><span class='ocrx_word' id='word_1_170' title='bbox 64 1581 102 1602; x_wconf 84' lang='lat'>20</span> <span class='ocrx_word' id='word_1_171' title='bbox 122 1565 224 1601; x_wconf 90' lang='lat' dir='ltr'>Ecce</span> <span class='ocrx_word' id='word_1_172' title='bbox 261 1571 346 1601; x_wconf 83' lang='lat' dir='ltr'>tuae</span> <span class='ocrx_word' id='word_1_173' title='bbox 384 1563 527 1603; x_wconf 75' lang='lat' dir='ltr'>Litterae</span> <span class='ocrx_word' id='word_1_174' title='bbox 565 1565 613 1600; x_wconf 92' lang='lat' dir='ltr'>de</span> <span class='ocrx_word' id='word_1_175' title='bbox 651 1566 830 1602; x_wconf 80' lang='lat' dir='ltr'>Varrone.</span> <span class='ocrx_word' id='word_1_176' title='bbox 891 1565 1045 1602; x_wconf 90' lang='lat' dir='ltr'>Nemini</span> <span class='ocrx_word' id='word_1_177' title='bbox 1079 1565 1158 1602; x_wconf 84' lang='lat' dir='ltr'>visa</span> <span class='ocrx_word' id='word_1_178' title='bbox 1194 1573 1249 1603; x_wconf 88' lang='lat' dir='ltr'>est</span> <span class='ocrx_word' id='word_1_179' title='bbox 1285 1566 1408 1614; x_wconf 81' lang='lat' dir='ltr'>aptior</span> 
     </span>
     <span class='ocr_line' id='line_1_22' title="bbox 119 1627 1449 1677; baseline 0.002 -13"><span class='ocrx_word' id='word_1_180' title='bbox 119 1627 326 1664; x_wconf 83' lang='lat' dir='ltr'>Antiochia</span> <span class='ocrx_word' id='word_1_181' title='bbox 354 1627 457 1664; x_wconf 88' lang='lat' dir='ltr'>ratio.</span> <span class='ocrx_word' id='word_1_182' title='bbox 516 1628 591 1664; x_wconf 83' lang='lat' dir='ltr'>Sed</span> <span class='ocrx_word' id='word_1_183' title='bbox 618 1634 745 1664; x_wconf 81' lang='lat' dir='ltr'>tamen</span> <span class='ocrx_word' id='word_1_184' title='bbox 766 1627 877 1665; x_wconf 88' lang='lat' dir='ltr'>velim</span> <span class='ocrx_word' id='word_1_185' title='bbox 903 1628 1043 1665; x_wconf 81' lang='lat' dir='ltr'>scribas</span> <span class='ocrx_word' id='word_1_186' title='bbox 1071 1629 1120 1665; x_wconf 86' lang='lat' dir='ltr'>ad</span> <span class='ocrx_word' id='word_1_187' title='bbox 1148 1641 1218 1673; x_wconf 88' lang='lat' dir='ltr'>me,</span> <span class='ocrx_word' id='word_1_188' title='bbox 1240 1628 1403 1677; x_wconf 87' lang='lat' dir='ltr'>primum</span> <span class='ocrx_word' id='word_1_189' title='bbox 1425 1640 1449 1667; x_wconf 85' lang='lat'>2</span> 
     </span>
     <span class='ocr_line' id='line_1_23' title="bbox 119 1690 1406 1740; baseline 0.001 -11"><span class='ocrx_word' id='word_1_190' title='bbox 119 1693 316 1740; x_wconf 83' lang='lat' dir='ltr'>placeatne</span> <span class='ocrx_word' id='word_1_191' title='bbox 345 1691 413 1728; x_wconf 90' lang='lat' dir='ltr'>tibi</span> <span class='ocrx_word' id='word_1_192' title='bbox 441 1690 584 1739; x_wconf 87' lang='lat' dir='ltr'>aliquid</span> <span class='ocrx_word' id='word_1_193' title='bbox 612 1692 662 1729; x_wconf 85' lang='lat' dir='ltr'>ad</span> <span class='ocrx_word' id='word_1_194' title='bbox 690 1691 806 1737; x_wconf 89' lang='lat' dir='ltr'>illum,</span> <span class='ocrx_word' id='word_1_195' title='bbox 836 1691 987 1737; x_wconf 89' lang='lat' dir='ltr'>deinde,</span> <span class='ocrx_word' id='word_1_196' title='bbox 1018 1692 1048 1729; x_wconf 86' lang='lat' dir='ltr'>si</span> <span class='ocrx_word' id='word_1_197' title='bbox 1077 1692 1251 1740; x_wconf 85' lang='lat' dir='ltr'>placebit,</span> <span class='ocrx_word' id='word_1_198' title='bbox 1282 1693 1406 1730; x_wconf 89' lang='lat' dir='ltr'>hocne</span> 
     </span>
     <span class='ocr_line' id='line_1_24' title="bbox 119 1754 369 1803; baseline 0.004 -12"><span class='ocrx_word' id='word_1_199' title='bbox 119 1754 369 1803; x_wconf 89' lang='lat' dir='ltr'>potissimum.</span> 
     </span>
    </p>

    <p class='ocr_par' dir='ltr' id='par_1_9' title="bbox 172 1815 1406 1868">
     <span class='ocr_line' id='line_1_25' title="bbox 172 1815 1406 1868; baseline 0.001 -13"><span class='ocrx_word' id='word_1_200' title='bbox 172 1819 309 1866; x_wconf 87' lang='lat' dir='ltr'>Quid?</span> <span class='ocrx_word' id='word_1_201' title='bbox 363 1819 517 1857; x_wconf 87' lang='lat' dir='ltr'>Servilia</span> <span class='ocrx_word' id='word_1_202' title='bbox 554 1820 680 1858; x_wconf 89' lang='lat' dir='ltr'>iamne</span> <span class='ocrx_word' id='word_1_203' title='bbox 717 1820 851 1858; x_wconf 86' lang='lat' dir='ltr'>venit?</span> <span class='ocrx_word' id='word_1_204' title='bbox 907 1815 1044 1858; x_wconf 78' lang='lat' dir='ltr'>Br&#39;utus</span> <span class='ocrx_word' id='word_1_205' title='bbox 1082 1819 1221 1868; x_wconf 85' lang='lat' dir='ltr'>ecquid</span> <span class='ocrx_word' id='word_1_206' title='bbox 1257 1819 1333 1868; x_wconf 86' lang='lat' dir='ltr'>agit</span> <span class='ocrx_word' id='word_1_207' title='bbox 1370 1827 1406 1857; x_wconf 87' lang='lat' dir='ltr'>et</span> 
     </span>
    </p>

    <p class='ocr_par' dir='ltr' id='par_1_10' title="bbox 63 1883 1404 1995">
     <span class='ocr_line' id='line_1_26' title="bbox 63 1883 1404 1932; baseline 0.002 -16"><span class='ocrx_word' id='word_1_208' title='bbox 63 1894 100 1925; x_wconf 82' lang='lat'>25</span> <span class='ocrx_word' id='word_1_209' title='bbox 120 1883 304 1929; x_wconf 88' lang='lat' dir='ltr'>quando?</span> <span class='ocrx_word' id='word_1_210' title='bbox 350 1883 409 1920; x_wconf 92' lang='lat' dir='ltr'>De</span> <span class='ocrx_word' id='word_1_211' title='bbox 430 1884 592 1921; x_wconf 89' lang='lat' dir='ltr'>Caesare</span> <span class='ocrx_word' id='word_1_212' title='bbox 612 1883 705 1932; x_wconf 90' lang='lat' dir='ltr'>quid</span> <span class='ocrx_word' id='word_1_213' title='bbox 724 1884 903 1922; x_wconf 85' lang='lat' dir='ltr'>auditur?</span> <span class='ocrx_word' id='word_1_214' title='bbox 958 1886 1041 1932; x_wconf 86' lang='lat' dir='ltr'>Ego</span> <span class='ocrx_word' id='word_1_215' title='bbox 1060 1885 1109 1921; x_wconf 88' lang='lat' dir='ltr'>ad</span> <span class='ocrx_word' id='word_1_216' title='bbox 1130 1884 1272 1928; x_wconf 88' lang='lat' dir='ltr'>Nonas,</span> <span class='ocrx_word' id='word_1_217' title='bbox 1291 1896 1404 1931; x_wconf 91' lang='lat' dir='ltr'>quem</span> 
     </span>
     <span class='ocr_line' id='line_1_27' title="bbox 117 1945 1184 1995; baseline 0.003 -15"><span class='ocrx_word' id='word_1_218' title='bbox 117 1945 167 1981; x_wconf 86' lang='lat' dir='ltr'>ad</span> <span class='ocrx_word' id='word_1_219' title='bbox 187 1945 346 1981; x_wconf 90' lang='lat' dir='ltr'>modum</span> <span class='ocrx_word' id='word_1_220' title='bbox 366 1945 452 1982; x_wconf 85' lang='lat' dir='ltr'>dixi.</span> <span class='ocrx_word' id='word_1_221' title='bbox 510 1947 571 1983; x_wconf 90' lang='lat' dir='ltr'>Tu</span> <span class='ocrx_word' id='word_1_222' title='bbox 590 1959 678 1983; x_wconf 89' lang='lat' dir='ltr'>cum</span> <span class='ocrx_word' id='word_1_223' title='bbox 701 1946 849 1992; x_wconf 88' lang='lat' dir='ltr'>Pisone,</span> <span class='ocrx_word' id='word_1_224' title='bbox 872 1947 902 1984; x_wconf 84' lang='lat' dir='ltr'>si</span> <span class='ocrx_word' id='word_1_225' title='bbox 922 1947 1014 1995; x_wconf 88' lang='lat' dir='ltr'>quid</span> <span class='ocrx_word' id='word_1_226' title='bbox 1035 1946 1184 1995; x_wconf 87' lang='lat' dir='ltr'>poteris.</span> 
     </span>
    </p>
   </div>
   <div class='ocr_carea' id='block_1_5' title="bbox 119 2044 1407 2170">
    <p class='ocr_par' dir='ltr' id='par_1_11' title="bbox 119 2044 1407 2170">
     <span class='ocr_line' id='line_1_28' title="bbox 160 2044 1404 2084; baseline 0.003 -12"><span class='ocrx_word' id='word_1_227' title='bbox 160 2045 180 2072; x_wconf 92' lang='lat'><strong>6</strong></span> <span class='ocrx_word' id='word_1_228' title='bbox 201 2047 230 2073; x_wconf 84' lang='lat' dir='ltr'>et</span> <span class='ocrx_word' id='word_1_229' title='bbox 250 2054 270 2082; x_wconf 91' lang='lat'>9</span> <span class='ocrx_word' id='word_1_230' title='bbox 293 2045 380 2082; x_wconf 91' lang='lat' dir='ltr'>quod</span> <span class='ocrx_word' id='word_1_231' title='bbox 403 2044 550 2075; x_wconf 79' lang='lat' dir='ltr'>Ernesti:</span> <span class='ocrx_word' id='word_1_232' title='bbox 580 2047 659 2084; x_wconf 90' lang='lat' dir='ltr'>quid</span> <span class='ocrx_word' id='word_1_233' title='bbox 677 2045 717 2075; x_wconf 93' lang='lat' dir='ltr'><em>M</em></span> <span class='ocrx_word' id='word_1_234' title='bbox 895 2056 931 2076; x_wconf 90' lang='lat'>12</span> <span class='ocrx_word' id='word_1_235' title='bbox 956 2046 1165 2076; x_wconf 89' lang='lat' dir='ltr'>solitudinem</span> <span class='ocrx_word' id='word_1_236' title='bbox 1189 2050 1262 2075; x_wconf 75' lang='grc' dir='ltr'>ΣΔε</span> <span class='ocrx_word' id='word_1_237' title='bbox 1296 2045 1404 2076; x_wconf 84' lang='lat' dir='ltr'>solitu-</span> 
     </span>
     <span class='ocr_line' id='line_1_29' title="bbox 119 2086 1405 2128; baseline 0.002 -14"><span class='ocrx_word' id='word_1_238' title='bbox 119 2086 214 2115; x_wconf 87' lang='lat' dir='ltr'>dines</span> <span class='ocrx_word' id='word_1_239' title='bbox 247 2086 332 2118; x_wconf 80' lang='lat' dir='ltr'>Crat.</span> <span class='ocrx_word' id='word_1_240' title='bbox 357 2097 385 2117; x_wconf 87' lang='lat' dir='ltr'>v.</span> <span class='ocrx_word' id='word_1_241' title='bbox 405 2098 427 2117; x_wconf 90' lang='lat' dir='ltr'>c.</span> <span class='ocrx_word' id='word_1_242' title='bbox 456 2087 484 2116; x_wconf 93' lang='lat' dir='ltr'><em>L</em></span> <span class='ocrx_word' id='word_1_243' title='bbox 511 2089 646 2127; x_wconf 59' lang='lat' dir='ltr'>(marg.)</span> <span class='ocrx_word' id='word_1_244' title='bbox 679 2089 789 2119; x_wconf 81' lang='lat' dir='ltr'>codices</span> <span class='ocrx_word' id='word_1_245' title='bbox 818 2089 904 2128; x_wconf 81' lang='lat' dir='ltr'>Bost&#39;‚</span> <span class='ocrx_word' id='word_1_246' title='bbox 933 2090 967 2127; x_wconf 73' lang='lat' dir='ltr'>cfi</span> <span class='ocrx_word' id='word_1_247' title='bbox 999 2090 1054 2119; x_wconf 85' lang='lat' dir='ltr'>xii.</span> <span class='ocrx_word' id='word_1_248' title='bbox 1083 2099 1134 2127; x_wconf 86' lang='lat'>23.</span> <span class='ocrx_word' id='word_1_249' title='bbox 1162 2099 1175 2118; x_wconf 84' lang='lat'>1</span> <span class='ocrx_word' id='word_1_250' title='bbox 1369 2098 1405 2127; x_wconf 87' lang='lat'>15</span> 
     </span>
     <span class='ocr_line' id='line_1_30' title="bbox 119 2126 1407 2170; baseline 0.002 -13"><span class='ocrx_word' id='word_1_251' title='bbox 119 2128 227 2158; x_wconf 85' lang='lat' dir='ltr'>Primo</span> <span class='ocrx_word' id='word_1_252' title='bbox 250 2128 315 2159; x_wconf 83' lang='lat' dir='ltr'>Cv.</span> <span class='ocrx_word' id='word_1_253' title='bbox 336 2139 358 2158; x_wconf 88' lang='lat' dir='ltr'>c.</span> <span class='ocrx_word' id='word_1_254' title='bbox 376 2128 404 2158; x_wconf 97' lang='lat' dir='ltr'><em>L</em></span> <span class='ocrx_word' id='word_1_255' title='bbox 424 2130 557 2170; x_wconf 58' lang='grc' dir='ltr'>(ηανξ.)</span> <span class='ocrx_word' id='word_1_256' title='bbox 575 2126 642 2162; x_wconf 71' lang='grc' dir='ltr'>ΖῙ’;</span> <span class='ocrx_word' id='word_1_257' title='bbox 665 2132 763 2162; x_wconf 87' lang='lat' dir='ltr'>modo</span> <span class='ocrx_word' id='word_1_258' title='bbox 794 2135 846 2161; x_wconf 91' lang='grc' dir='ltr'>ΣΔ</span> <span class='ocrx_word' id='word_1_259' title='bbox 1071 2141 1107 2160; x_wconf 88' lang='lat'>21</span> <span class='ocrx_word' id='word_1_260' title='bbox 1134 2130 1309 2169; x_wconf 84' lang='grc' dir='ltr'>Ἀντιόχεια</span> <span class='ocrx_word' id='word_1_261' title='bbox 1324 2131 1407 2161; x_wconf 87' lang='lat' dir='ltr'>Boot</span> 
     </span>
    </p>
   </div>
   <div class='ocr_carea' id='block_1_6' title="bbox 117 2170 496 2211">
    <p class='ocr_par' dir='ltr' id='par_1_12' title="bbox 117 2170 496 2211">
     <span class='ocr_line' id='line_1_31' title="bbox 117 2170 496 2211; baseline 0.005 -12"><span class='ocrx_word' id='word_1_262' title='bbox 117 2180 157 2199; x_wconf 88' lang='lat'>22</span> <span class='ocrx_word' id='word_1_263' title='bbox 181 2171 297 2200; x_wconf 88' lang='lat' dir='ltr'>hocine</span> <span class='ocrx_word' id='word_1_264' title='bbox 315 2170 496 2211; x_wconf 75' lang='lat' dir='ltr'>Wesenberg</span> 
     </span>
    </p>
   </div>
  </div>
 </body>
</html>
