1690 2710
156 129 304 166 XV.ia
402 172 409 175 Δ
603 130 657 166 M.
687 130 851 165 TVLLI
881 128 1178 170 CICERONIS

249 236 355 285 Quin
382 236 494 274 etiam
521 237 636 285 paulo
655 241 744 284 post
762 235 894 274 Cumis
924 249 1007 273 eam
1033 235 1120 273 vidi.
1178 237 1345 273 Venerat
1369 235 1470 273 enirn
1495 235 1536 272 in

248 301 385 345 funus3
419 299 479 337 cui
504 299 625 336 funeri
652 311 722 347 ego
747 311 901 347 quoque
927 312 1083 347 operam
1103 298 1202 336 dedi.
1261 300 1330 337 Cn.
1355 299 1536 335 Lucullus

249 362 440 400 familiaris
469 370 597 400 noster
628 369 786 399 matrem
814 362 1003 399 efferebat.
1062 361 1190 398 Mansi
1213 360 1323 409 igitur
1343 373 1389 398 eo
1412 360 1474 398 die
1496 360 1536 398 in

250 426 480 463 Sinuessano
500 433 614 473 atque
635 424 725 461 inde
751 438 863 462 mane
883 424 1063 473 postridie
1083 424 1271 472 Arpinum
1291 423 1536 472 proficiscens

209 501 233 527 2
250 490 349 526 hanc
378 488 578 537 epistulam
608 487 764 525 exaravi.
825 490 915 524 Erat
942 495 1070 525 autem
1099 486 1192 524 nihil
1221 487 1309 523 novi
1338 488 1443 535 quod
1470 493 1536 524 aut

250 551 453 589 scriberem
478 558 543 588 aut
569 564 613 588 ex
636 558 672 588 te
697 563 927 599 quaererem,
950 550 1021 587 nisi
1041 552 1136 587 forte
1162 551 1236 587 hoc
1259 551 1308 587 ad
1328 563 1407 587 rem
1426 557 1536 598 putas

249 615 446 663 pertinere.
514 617 653 651 Brutus
692 621 820 651 noster
858 613 959 651 misit
996 615 1045 651 ad
1083 627 1144 651 me
1182 613 1391 650 orationem
1430 626 1537 650 suam

250 678 419 715 habitam
446 677 484 714 in
510 677 690 715 contione
712 676 929 725 Capitolina
955 676 1163 725 petivitque
1189 690 1211 713 a
1237 690 1297 713 me
1318 683 1358 713 ut
1378 688 1462 713 earn
1488 689 1538 713 ne

249 741 451 778 ambitiose
477 741 701 789 corrigerem
728 747 816 777 ante
838 753 952 788 quam
982 741 1119 777 ederet.
1179 741 1246 776 Est
1269 746 1396 776 autem
1417 739 1537 776 oratio

250 804 388 853 scripta
413 803 690 853 elegantissime
720 803 930 849 sententiis,
951 803 1084 848 verbis,
1106 810 1147 840 ut
1171 802 1264 839 nihil
1291 802 1409 851 possit
1428 804 1534 840 ultra.

251 869 333 917 Ego
359 875 487 904 tamen
514 866 543 903 si
572 866 674 904 illam
704 879 857 903 causam
888 866 1117 911 habuissem,
1147 866 1378 914 scripsissem
1407 867 1538 903 arden-

249 931 333 968 tius.
390 930 580 970 Ὑπόθεο-ις
605 930 710 967 vides
737 943 834 978 quae
862 929 908 966 sit
928 935 963 966 et
985 942 1147 978 persona
1172 928 1343 967 dicentis.
1402 930 1538 977 Itaque

250 1007 334 1031 eam
368 994 552 1042 corrigere
589 1006 666 1029 non
704 993 819 1041 potui.
886 993 976 1039 Quo
1013 992 1114 1029 enim
1152 991 1190 1028 in
1227 1005 1364 1040 genere
1399 993 1537 1028 Brutus

251 1064 379 1095 noster
398 1070 480 1094 esse
505 1058 584 1093 vult
610 1063 646 1093 et
670 1056 775 1104 quod
802 1055 985 1092 iudicium
1013 1055 1128 1092 habet
1154 1056 1202 1092 de
1229 1054 1375 1103 optimo
1401 1067 1538 1103 genere

251 1120 416 1165 dicendi,
438 1120 477 1157 id
503 1120 554 1156 ita
583 1126 810 1156 consecutus
840 1118 878 1154 in
908 1131 952 1155 ea
981 1118 1150 1155 oratione
1179 1125 1234 1155 est
1264 1125 1304 1154 ut
1331 1117 1538 1165 elegantius

251 1197 333 1222 esse
360 1183 453 1220 nihil
474 1182 615 1231 possit3
644 1183 710 1219 sed
731 1194 801 1230 ego
828 1188 980 1218 secutus
1003 1180 1107 1218 aliud
1133 1194 1217 1218 sum
1244 1180 1321 1218 sive
1344 1182 1418 1217 hoc
1438 1187 1538 1218 recte

251 1247 329 1284 sive
355 1259 433 1283 non
457 1252 570 1282 recte.
624 1246 685 1281 Tu
706 1251 833 1281 tamen
853 1243 966 1281 velim
993 1257 1077 1281 eam
1101 1243 1312 1281 orationem
1332 1244 1444 1292 legas,
1466 1242 1538 1280 nisi

251 1311 347 1347 forte
373 1309 447 1346 iam
474 1307 606 1357 legisti,
629 1307 904 1355 certioremque
933 1320 994 1344 me
1020 1306 1134 1343 facias
1156 1306 1247 1355 quid
1274 1306 1417 1344 iudices
1444 1305 1535 1355 ipse.

253 1374 498 1420 Quamquam
518 1384 648 1408 vereor
668 1383 715 1407 ne
736 1370 964 1418 cognomine
992 1377 1058 1407 tuo
1085 1371 1211 1418 lapsus
1231 1371 1460 1418 ὑπεραττικὸς
1487 1368 1537 1406 sis

250 1435 289 1473 in
309 1435 528 1473 iudicando.
580 1435 655 1471 Sed
675 1433 705 1470 si
725 1433 973 1470 recordabere
994 1433 1249 1481 Δημοσθένους
1269 1432 1440 1479 fulmina,
1455 1439 1536 1470 tum

250 1498 444 1547 intelleges
469 1510 580 1546 posse
600 1504 637 1534 et
658 1497 875 1534 ἀττικώτατα
895 1502 930 1533 et
946 1496 1163 1545 gravissime
1194 1496 1279 1534 dici.
1337 1497 1413 1534 Sed
1442 1497 1537 1534 haec

250 1575 389 1600 coram.
452 1563 567 1599 Nunc
600 1573 671 1597 nec
709 1559 790 1597 sine
823 1559 983 1608 epistula
1016 1572 1087 1597 nec
1120 1572 1209 1597 cum
1241 1558 1345 1596 inani
1377 1558 1539 1609 epistula

251 1625 353 1663 volui
382 1625 431 1662 ad
460 1632 496 1661 te
526 1624 792 1660 Metrodorum
821 1622 958 1659 venire.

293 1770 341 1806 Π
543 1754 610 1806 Scin
629 1775 661 1805 in
681 1775 808 1806 Vescino
824 1787 865 1806 xv
882 1776 921 1806 K.
942 1775 1014 1806 Iun.
1033 1786 1062 1807 a.
1086 1786 1140 1815 710
1158 1775 1242 1817 (44).

645 1861 810 1891 CICERO
841 1861 1013 1891 ATTICO
1044 1860 1143 1892 SAL.

304 1956 359 1981 xv
388 1946 473 1982 Kal.
504 1958 525 1983 e
554 1945 785 1984 Sinuessano
814 1945 1057 1995 proficiscens
1086 1960 1172 1984 cum
1202 1946 1392 1984 dedissem
1421 1946 1470 1983 ad
1501 1951 1537 1982 te

251 2007 391 2045 litteras
418 2009 741 2058 devertissemque
762 2010 962 2049 †acutius†
986 2010 1025 2047 in
1040 2010 1208 2047 Vescino
1233 2009 1362 2059 accepi
1382 2022 1404 2046 a
1424 2009 1538 2046 tabel-

297 2118 309 2138 1
335 2109 433 2146 paulo
452 2113 526 2148 post
543 2107 680 2141 Lamb.:
706 2110 801 2147 paulo
819 2109 901 2138 codd.
921 2121 928 2141 ;
953 2109 1095 2147 paullum
1112 2109 1227 2139 Iunius
1384 2110 1412 2147 8,
1432 2118 1452 2146 9
1476 2117 1536 2137 nec

251 2151 421 2181 ambitiose
446 2152 561 2182 Rosius
589 2153 646 2181 ‘cx
670 2152 845 2181 Crusellino
860 2150 887 2180 ’z
924 2152 995 2180 sine
1019 2152 1196 2181 ambitione
1220 2151 1306 2180 Koclt
1440 2160 1476 2179 12
1503 2154 1536 2179 et

251 2192 323 2223 add.
347 2193 444 2222 Orelli
583 2195 620 2223 16
642 2195 700 2224 sed
723 2194 788 2223 secl.
819 2192 999 2232 Wesenbezg
1092 2198 1223 2223 secutus
1246 2194 1346 2223 Pius:
1384 2192 1474 2223 solus
1500 2191 1540 2226 M

255 2245 290 2272 17
326 2246 396 2264 eam
425 2236 547 2265 Rom.:
579 2241 646 2266 tum
675 2235 733 2265 M:
767 2236 844 2265 item
874 2235 1042 2265 Bz'icltelcr:
1075 2246 1136 2265 ont.
1171 2235 1301 2265 Baiter:
1329 2235 1406 2274 sort.
1436 2238 1535 2264 totam

255 2278 292 2306 18
316 2277 378 2307 iam
395 2277 447 2306 M2
467 2290 473 2307 :
497 2288 567 2307 eam
583 2278 633 2307 Μ1
764 2288 800 2307 21
827 2281 860 2307 et
876 2276 949 2307 add.
968 2278 1082 2308 Lamb.
1219 2288 1258 2315 27
1283 2277 1423 2316 acutius]
1441 2277 1539 2306 latent

252 2320 293 2349 ad
308 2323 336 2349 et
350 2329 465 2349 nomen
481 2320 668 2358 proprium:
695 2330 714 2350 a
733 2319 845 2350 Cumis
866 2319 964 2350 Rom.
1142 2320 1286 2350 Vescino
1303 2317 1342 2349 Z‘
1356 2330 1384 2350 v.
1403 2329 1424 2350 c.
1443 2330 1450 2349 :
1471 2318 1536 2348 Ve-

252 2361 365 2391 sciano
382 2360 422 2390 M
432 2373 438 2391 :
464 2361 642 2392 Vescinum
664 2360 849 2402 Wesenberg
1528 2374 1532 2377 ·

1554 497 1572 530 5

1561 815 1596 836 10

1561 1129 1596 1160 15

1557 1447 1597 1469 20

1557 1863 1595 1895 25
