1590 2730
87 138 131 173 X.
154 137 182 172 ii
573 136 627 172 M.
659 136 820 171 TVLLI
849 135 1144 172 CICERONIS

141 254 165 281 2
184 257 310 292 quam,
333 255 409 292 quo
429 250 465 280 et
485 255 569 291 qua.
628 243 703 280 Sed
731 243 825 279 haec
851 249 978 279 nostra
998 241 1065 278 erit
1085 254 1174 278 cura
1194 248 1231 278 et
1250 239 1464 289 peritorum.

182 309 243 344 Tu
264 314 391 345 tamen
415 307 520 355 quod
540 305 691 354 poteris,
713 313 754 342 ut
773 306 900 343 adhuc
926 304 1056 350 fecisti,
1079 317 1149 342 nos
1179 303 1345 341 consiliis
1369 302 1468 340 iuva-

185 370 253 408 bis.
314 372 389 407 Res
410 376 497 406 sunt
518 368 810 417 inexplicabiles.
870 369 1059 405 Fortunae
1079 374 1167 404 sunt
1192 365 1468 403 committenda

183 433 324 470 onmia.
382 432 470 470 Sine
498 445 564 481 spe
593 444 776 469 conamur
801 433 887 468 ulla.
946 430 1085 468 Melius
1106 430 1135 467 si
1156 429 1249 478 quid
1275 428 1464 474 acciderit,

183 496 412 533 mirabimur.
472 494 698 543 Dionysium
727 496 867 532 nollem
894 495 943 531 ad
970 506 1030 530 me
1056 494 1292 542 profectum3
1320 493 1369 528 de
1389 504 1466 539 quo

180 560 229 596 ad
260 572 321 595 me
352 558 477 595 Tullia
512 570 596 595 mea
626 556 782 605 scripsit.
841 558 916 594 Sed
947 564 983 594 et
1016 563 1166 604 tempus
1196 555 1361 592 alienum
1396 561 1463 599 est,

183 629 219 658 et
243 621 389 659 homini
416 634 493 658 non
520 620 644 657 amico
671 627 799 657 nostra
827 620 1084 664 incommoda,
1106 625 1210 655 tanta
1233 616 1463 666 praesertim,

181 686 399 733 spectaculo
420 697 502 722 esse
523 685 690 728 nollem:
717 682 777 720 cui
802 690 838 720 te
865 695 951 721 meo
978 681 1133 720 nomine
1159 680 1356 718 inimicum
1383 692 1465 717 esse

180 749 281 785 nolo.

221 877 293 911 III
467 878 534 910 Scr.
554 878 587 909 in
603 877 733 908 Arcano
749 878 793 908 viz·
805 877 853 908 Id.
873 877 954 917 Apr.
975 888 1004 908 a.
1024 887 1077 916 7⁰5
1093 877 1179 917 (49).

580 953 750 983 CICERO
776 953 942 982 ATTICO
969 952 1063 983 SAL.

233 1026 331 1062 Cum
361 1024 466 1072 quod
495 1022 698 1060 scriberem
730 1024 842 1071 plane
873 1022 966 1059 nihil
998 1023 1188 1068 haberem,
1210 1023 1305 1059 haec
1336 1028 1463 1059 autem

180 1087 323 1135 reliqua
342 1093 468 1124 essent
489 1098 586 1134 quae
607 1085 701 1123 scire
721 1098 909 1134 cuperem,
932 1087 1174 1140 profectusne
1195 1092 1302 1130 esset,
1327 1097 1404 1133 quo
1425 1084 1462 1121 in

181 1157 277 1187 statu
305 1149 437 1186 urbem
467 1147 690 1196 reliquisset,
712 1148 750 1184 in
780 1147 861 1196 ipsa
882 1147 990 1184 Italia
1010 1160 1124 1195 quem
1155 1147 1293 1195 cuique
1319 1146 1463 1195 regioni

179 1219 243 1249 aut
270 1211 423 1260 negotio
449 1210 700 1259 praefecisset,
723 1210 833 1258 ecqui
863 1217 989 1247 essent
1016 1211 1065 1247 ad
1096 1210 1323 1258 Pompeium
1351 1217 1388 1247 et
1414 1211 1463 1247 ad

180 1276 356 1312 consules
382 1287 427 1311 ex
453 1280 605 1311 senatus
630 1275 805 1311 consulto
831 1274 880 1311 de
906 1286 999 1321 pace
1024 1273 1147 1322 legati,
1170 1280 1212 1310 ut
1238 1273 1349 1322 igitur
1368 1274 1463 1310 haec

180 1337 313 1374 scirem
340 1336 471 1374 dedita
496 1349 610 1384 opera
636 1337 702 1372 has
722 1337 771 1373 ad
798 1343 834 1373 te
859 1335 1000 1373 litteras
1026 1335 1121 1373 misi.
1182 1335 1330 1373 Feceris
1353 1335 1464 1385 igitur

181 1401 385 1437 commode
412 1399 581 1447 mihique
600 1407 747 1447 gratum
767 1399 796 1435 si
818 1412 878 1436 me
894 1400 942 1436 de
963 1399 1020 1436 his
1041 1400 1152 1437 rebus
1176 1407 1213 1437 et
1233 1399 1263 1436 si
1283 1399 1376 1447 quid
1395 1399 1464 1437 erit

180 1462 283 1499 aliud
304 1463 408 1511 quod
429 1462 521 1499 scire
548 1474 643 1510 opus
670 1461 716 1498 sit
736 1461 867 1499 feceris
889 1461 1098 1499 certiorem.
1152 1464 1233 1510 Ego
1253 1461 1291 1498 in
1311 1463 1464 1499 Arcano

182 1526 357 1575 opperior
377 1526 469 1563 dum
490 1525 560 1562 ista
580 1537 780 1574 cognosco.

221 1691 292 1726 III
305 1702 329 1725 a
461 1693 528 1724 Scr.
547 1694 579 1723 in
597 1694 725 1723 Arcano
741 1693 785 1722 vt'z'
797 1692 846 1723 ld.
870 1693 950 1732 Apr.
971 1704 1000 1723 a.
1025 1705 1077 1732 705
1096 1694 1176 1733 (49).

585 1778 749 1809 CICERO
771 1778 947 1809 ATTICO
970 1779 1069 1810 SAL.

233 1858 279 1893 A.
310 1856 345 1893 d.
379 1867 432 1891 vu
464 1856 556 1891 Idus
584 1856 739 1891 alteram
770 1853 836 1891 tibi
867 1855 1003 1892 eodem
1037 1854 1099 1892 die
1130 1856 1229 1892 hanc
1261 1855 1461 1904 epistulam

182 1918 320 1957 dictavi
341 1925 377 1955 et
398 1917 516 1967 pridie
537 1918 717 1955 dederam
738 1930 822 1954 mea
848 1930 963 1954 manu
990 1917 1209 1967 longiorem.
1266 1918 1401 1955 Visum
1426 1926 1462 1960 te

180 1981 286 2019 aiunt
306 1981 343 2018 in
364 1980 472 2029 regia,
489 1994 559 2018 nec
580 1981 831 2028 reprehendo,
845 1980 985 2029 quippe
1006 1994 1093 2018 cum
1113 1981 1194 2030 ipse
1214 1981 1322 2019 istam
1343 1994 1463 2030 repre-

182 2043 405 2082 hensionem
427 2057 504 2080 non
525 2043 694 2091 fugerim..
752 2044 827 2081 Sed
854 2051 1032 2092 exspecto
1061 2051 1143 2081 tuas
1172 2043 1311 2082 litteras
1337 2057 1462 2093 neque

182 2106 257 2144 iam
273 2119 363 2143 sane
376 2106 487 2143 video
500 2106 592 2155 quid
608 2112 834 2155 exspectem,
850 2107 917 2144 sed
933 2113 1071 2154 tamen,
1089 2106 1203 2144 etiam
1223 2107 1253 2144 si
1273 2106 1366 2144 nihil
1382 2107 1460 2154 erit,

183 2169 222 2207 id
243 2169 366 2218 ipsum
387 2170 435 2206 ad
457 2182 517 2206 me
537 2168 649 2206 velim
670 2168 821 2206 scribas.

226 2281 245 2309 5
270 2270 388 2299 nollem
411 2269 606 2308 lVesenbmg:
632 2269 731 2299 nolim
747 2269 832 2300 codd.
921 2271 940 2299 8
965 2270 1084 2300 nollem
1095 2269 1204 2300 codd:
1228 2270 1326 2300 nolim
1338 2270 1468 2301 Ernesti

189 2313 226 2342 16
243 2318 276 2341 ut
293 2311 346 2340 M·-·
360 2324 366 2341 ε
391 2323 460 2341 cum
480 2311 528 2341 M¹
544 2312 660 2340 Lamb.
674 2311 820 2342 Sclmsn‘dt
907 2323 942 2352 17
961 2313 1077 2346 scirem
1088 2312 1171 2348 codd.
1186 2321 1192 2342 :
1217 2313 1300 2345 scire
1312 2322 1464 2355 cuperem

185 2354 300 2385 Laud).
318 2365 323 2384 :
347 2355 428 2385 scire
447 2355 561 2384 vellem
579 2353 726 2397 Sclzfm‘dt

1485 884 1523 906 10

1485 1224 1520 1255 15

1485 1535 1522 1556 20

1484 1991 1520 2022 25
