1590 2730
42 135 257 187 X111.1xix
541 137 592 172 M.
625 137 787 173 TVLLI
817 136 1113 174 CICERONIS

186 241 237 278 illi
271 243 318 279 de
350 242 392 279 iis
426 243 634 280 somniasse
663 256 845 291 umquam
873 243 1097 281 viderentur.
1157 244 1292 291 Itaque
1323 250 1365 279 ut
1396 241 1468 290 legi

185 313 266 341 tuas
300 306 348 342 de
377 307 557 351 Varrone,
593 313 787 355 tamquam
825 308 967 356 ἕρμαιον
1002 305 1159 354 adripui.
1216 305 1354 353 Aptius
1387 318 1470 342 esse

184 368 277 405 nihil
297 368 419 416 potuit
439 370 487 406 ad
513 368 551 406 id
578 369 841 418 philosophiae
866 383 984 419 genus
1004 382 1081 418 quo
1106 369 1168 405 ille
1194 367 1357 405 maxime
1376 367 1469 404 mihi

183 431 361 468 delectari
382 431 538 477 videtur,
562 436 748 481 †easque†
767 432 881 481 partis
910 440 950 470 ut
973 446 1051 470 non
1081 432 1152 469 sim
1175 438 1402 468 consecutus
1428 437 1469 467 ut

184 494 353 542 superior
373 508 458 532 mea
477 508 590 532 causa
609 495 789 532 videatur.
839 497 934 533 Sunt
954 495 1055 532 enim
1074 496 1320 531 vehementer
1338 494 1469 531 πιθανὰ

184 557 413 603 Antiochia3
442 571 540 606 quae
569 557 767 607 diligenter
794 572 816 595 a
845 572 905 596 me
934 571 1108 607 expressa
1135 571 1296 594 acumen
1326 557 1469 594 habent

183 620 375 667 Antiochi,
397 620 558 658 nitorem
586 621 765 659 orationis
792 629 973 667 nostrum,
996 621 1025 658 si
1050 622 1167 658 modo
1191 620 1220 657 is
1250 628 1305 658 est
1333 620 1468 668 aliquis

183 682 221 719 in
259 683 380 720 nobis.
456 685 531 721 Sed
568 691 609 721 tu
650 685 849 722 dandosne
892 692 1001 733 putes
1042 685 1112 721 hos
1155 683 1270 720 libros
1308 683 1469 720 Varroni

181 747 292 783 etlam
311 753 425 795 atque
451 746 741 785 etiamWidebis.
801 747 899 784 Mihi
928 748 1117 796 quaedam
1141 754 1368 793 occurrunt3
1401 747 1468 784 sed

182 822 228 847 ea
247 822 384 847 coram.

225 907 307 940 XX
386 910 452 940 Ser.
469 912 502 941 in
518 911 676 951 Arpinati
687 912 721 942 vi
733 916 789 942 aut
804 922 822 942 v
838 911 921 943 Non.
939 911 1047 950 Quint.
1066 922 1094 942 a.
1115 922 1170 950 709
1190 911 1267 951 (45).

578 987 743 1017 CICERO
773 987 803 1016 Α
813 987 946 1017 TTICO
974 986 1076 1017 SAL.

151 1075 169 1102 1
239 1063 272 1098 A
294 1063 455 1099 Caesare
480 1062 624 1119 litteras
653 1062 783 1111 accepi
813 1062 1084 1099 consolatorias
1104 1063 1210 1099 datas
1239 1061 1358 1111 pridie
1382 1063 1466 1099 Kal.

1487 507 1503 537 5

1491 823 1527 844 10

188 1124 309 1161 Maias
345 1125 505 1173 Hispali.
566 1127 624 1162 De
654 1127 746 1162 urbe
776 1127 951 1174 augenda
981 1125 1072 1173 quid
1110 1125 1155 1161 sit
1188 1126 1467 1173 promulgatum
1503 1166 1511 1171 J

184 1201 261 1224 non
282 1188 456 1225 intellexi.
517 1190 563 1226 Id
584 1189 677 1226 scire
697 1202 787 1226 sane
807 1188 928 1226 velim.
982 1190 1179 1236 Torquato
1199 1196 1326 1225 nostra
1346 1188 1468 1225 officia

143 1262 166 1289 2
183 1258 286 1299 grata
318 1264 400 1288 esse
432 1251 541 1288 facile
578 1251 699 1299 patior
736 1264 856 1299 eaque
889 1264 1025 1299 augere
1056 1264 1132 1287 non
1166 1251 1347 1288 desinam.
1406 1252 1469 1289 Ad

186 1313 422 1361 Ligarianam
449 1315 497 1351 de
523 1327 638 1352 uxore
658 1314 874 1352 Tuberonis
903 1322 939 1351 et
968 1314 1137 1362 privigna
1163 1327 1287 1362 neque
1313 1327 1467 1363 possum

183 1375 258 1413 iam
286 1378 427 1414 addere
457 1377 529 1426 (est
558 1377 658 1415 enim
692 1378 924 1426 pervulgata)
954 1390 1079 1425 neque
1108 1378 1353 1415 Tuberonem
1382 1380 1470 1416 volo

183 1441 399 1485 offendere;
437 1440 593 1478 mirifice
622 1448 689 1482 est„
703 1441 805 1477 enim
835 1442 1022 1488 φιλαίτιος.
1080 1441 1288 1477 Theatrum
1313 1440 1468 1489 quidem

141 1514 165 1551 3
184 1516 274 1540 sane
295 1503 436 1540 bellum
457 1503 632 1541 habuisti.
676 1506 758 1552 Ego
778 1503 846 1541 etsi
867 1505 940 1541 hoc
964 1505 1050 1540 loco
1070 1503 1246 1541 facillime
1267 1511 1467 1549 sustentor,
1491 1519 1503 1539 2

183 1573 310 1604 tamen
342 1574 378 1604 te
407 1567 534 1604 videre
565 1567 687 1616 cupio.
751 1569 886 1616 Itaque
921 1575 960 1604 ut
993 1567 1171 1604 constitui
1201 1568 1327 1604 adero.
1386 1569 1470 1603 Fra-

182 1636 277 1667 trem
304 1631 418 1667 credo
444 1643 466 1666 a
492 1638 528 1667 te
557 1644 638 1668 esse
667 1638 909 1667 conventum.
969 1630 1070 1667 Scire
1090 1630 1200 1678 igitur
1219 1631 1356 1667 studeo
1376 1630 1470 1678 quid

182 1693 310 1741 egeris.

138 1765 164 1801 4
238 1759 296 1794 De
324 1758 424 1794 fama
452 1756 545 1793 nihil
574 1770 664 1795 sane
693 1758 850 1803 laboro;
889 1757 957 1795 etsi
987 1757 1207 1807 scripseram
1236 1758 1285 1794 ad
1315 1764 1351 1794 te
1378 1764 1468 1794 tunc

183 1821 295 1856 stulte
319 1819 431 1857 ‘nihil
453 1819 586 1858 melius
600 1822 631 1866 '3
665 1822 876 1858 curandum
904 1821 1005 1858 enim
1025 1834 1102 1858 non
1124 1828 1188 1858 est.
1247 1823 1375 1869 Atque
1395 1821 1468 1858 hoc

185 1882 246 1919 ‘in
273 1882 377 1920 omni
403 1882 478 1919 vita
507 1896 574 1920 sua
602 1896 794 1932 quemque
822 1897 844 1921 a
872 1891 973 1921 recta
1001 1883 1234 1921 conscientia
1262 1890 1468 1921 traversum

183 1958 348 1993 unguem
382 1959 459 1983 non
497 1954 645 1995 oportet
683 1947 901 1984 discedere’
931 1946 1045 1984 viden
1078 1959 1193 1994 quam
1227 1947 1469 1994 φιλοσόφωςΡ

184 2010 244 2044 An
283 2016 322 2045 tu
360 2022 429 2046 nos
466 2010 600 2046 frustra
637 2009 826 2046 existimas
864 2010 957 2047 haec
1002 2009 1039 2046 in
1086 2009 1261 2046 manibus
1298 2010 1468 2047 habere?

225 2120 243 2146 4
268 2119 421 2147 measque
453 2111 552 2148 partis
579 2110 718 2140 Rosius:
756 2120 879 2148 eaeque
911 2115 986 2140 sunt
1019 2115 1128 2148 partes
1154 2111 1231 2140 coni.
1262 2110 1361 2140 Reid:
1396 2114 1469 2150 post

183 2151 284 2189 partis
315 2152 456 2182 excidisse
488 2163 549 2191 ego
583 2153 660 2182 mihi
696 2153 819 2191 sumpsi
851 2153 899 2182 vel
926 2153 1027 2182 simile
1058 2152 1138 2190 qnid
1163 2156 1259 2192 putat
1288 2153 1470 2192 Wesenbetg

183 2204 203 2232 9
226 2194 323 2223 etiam
340 2194 412 2225 add.
426 2198 492 2224 vett.
639 2205 675 2233 15
698 2195 781 2224 scire
798 2205 877 2224 sane
893 2205 920 2225 v.
940 2205 961 2225 c„
980 2194 1008 2223 L
1028 2195 1160 2234 (marg.)
1178 2195 1242 2224 RP
1257 2195 1340 2225 Crat.
1356 2207 1362 2226 ε
1386 2206 1467 2225 sane

184 2236 267 2265 scire
285 2241 312 2265 Δ
452 2238 490 2267 16
512 2237 551 2266 ad
583 2237 786 2275 Ligarianam
813 2236 936 2266 ORPC
955 2247 984 2267 v.
1008 2248 1031 2266 c.
1055 2236 1083 2265 L
1107 2238 1242 2276 (magr.)
1260 2232 1323 2267 Zb:
1358 2248 1420 2267 om.
1440 2243 1466 2267 Δ

186 2278 267 2308 Crat.
409 2289 445 2316 19
469 2279 637 2308 offendere
662 2279 805 2308 Ernesti:
842 2279 1020 2309 defendere
1043 2278 1085 2307 M
1218 2289 1258 2308 20
1281 2279 1466 2309 habuissem

184 2321 258 2349 coni.
276 2319 356 2349 Boot
484 2331 522 2358 25
547 2321 646 2358 Atqui
663 2321 780 2350 Rosius

1489 1202 1525 1234 15
