1590 2730
84 160 130 196 X.
149 159 207 194 vii
532 160 585 195 M.
616 160 778 195 TVLLI
809 159 1105 197 CICERONIS

180 266 247 302 sed
273 279 317 303 ea
342 279 419 303 non
442 265 571 314 agitur.
631 265 832 314 Regnandi
860 265 1056 303 contentio
1078 272 1145 311 est,
1167 264 1206 301 in
1231 277 1306 313 qua
1330 266 1462 313 pulsus

179 336 234 367 est
255 330 462 367 modestior
481 343 543 366 rex
563 337 599 366 et
619 329 771 377 probior
791 336 827 366 et
846 329 1023 378 integrior
1043 336 1079 366 et
1098 328 1139 373 is,
1158 327 1222 376 qui
1242 327 1314 365 nisi
1333 327 1459 373 vincit,

178 405 319 430 nomen
357 392 487 441 populi
527 391 692 429 Romani
729 393 898 429 deleatur
940 404 1097 429 necesse
1134 397 1200 436 est,
1240 390 1297 427 sin
1333 397 1461 427 autem

177 455 303 500 vincit,
326 457 481 493 Sullano
506 468 609 492 more
633 456 883 503 exemploque
903 454 1038 491 vincet.
1097 456 1196 502 Ergo
1222 454 1293 490 hac
1317 452 1355 489 in
1375 466 1462 490 con-

178 518 347 556 tentione
367 526 541 556 neutrum
563 519 630 557 tibi
654 521 776 568 palam
805 519 1045 556 sentiendum
1067 526 1103 555 et
1123 517 1283 566 tempori
1304 517 1462 554 servien-
1481 531 1497 561 5

178 582 271 618 dum
291 589 356 619 est.
416 584 505 619 Mea
526 595 638 619 causa
657 590 784 619 autem
804 582 877 619 alia
897 589 961 627 est,
981 583 1085 630 quod
1107 580 1294 618 beneficio
1313 580 1461 617 vinctus

179 645 343 693 ingratus
364 659 445 683 esse
465 659 541 683 non
563 659 729 694 possum,
752 660 822 684 nec
843 654 970 683 tamen
990 645 1028 682 in
1048 645 1128 682 acie
1149 658 1202 681 me
1221 646 1288 682 sed
1306 644 1461 681 Melitae

178 716 242 745 aut
272 708 346 745 alio
376 708 413 745 in
444 710 529 746 loco
562 709 673 746 simili
704 707 920 760 [oppidulo]
950 710 1115 746 futurum
1149 715 1252 756 puto.
1311 706 1462 744 ‘Nihil’

179 770 327 819 inquies
351 771 474 808 ‘iuvas
495 785 581 809 eum
603 772 640 808 in
661 785 775 820 quem
796 772 961 820 ingratus
982 785 1063 809 esse
1083 784 1160 808 non
1180 770 1234 807 vis
1250 771 1288 807 ?'
1335 771 1462 806 Immo

180 833 303 871 minus
324 835 479 872 sortasse
499 835 687 872 voluisset.
746 836 821 872 Sed
847 836 895 871 de
920 836 995 872 hoc
1014 833 1252 880 videbimus3
1285 845 1462 870 exeamus
1484 845 1519 866 10

180 898 306 934 modo.
365 899 481 945 Quod
511 904 551 934 ut
580 897 734 935 meliore
763 905 933 947 tempore
961 897 1150 946 possimus
1178 895 1266 934 facit
1292 895 1462 933 Adriano

180 960 272 997 mari
294 961 503 1006 Dolabella,
528 961 695 998 Fretensi
716 960 842 999 Curio.

138 1034 163 1061 2
234 1024 379 1061 Iniecta
405 1032 533 1061 autern
562 1024 654 1061 mihi
683 1038 768 1073 spes
794 1026 981 1073 quaedam
1011 1032 1067 1061 est
1089 1026 1184 1061 velle
1213 1036 1364 1061 mecum
1384 1024 1459 1060 Ser.

181 1086 388 1135 Sulpicium
421 1087 610 1135 conloqui.
668 1089 731 1125 Ad
764 1100 851 1125 eum
885 1087 969 1124 misi
1001 1086 1248 1124 Philotimum
1286 1086 1461 1124 libertum

180 1163 267 1187 cum
310 1150 450 1187 litteris.
525 1150 563 1188 Si
606 1150 660 1187 vir
702 1163 784 1188 esse
827 1153 937 1197 volet,
977 1153 1167 1200 praeclara
1209 1151 1363 1196 συινοδία,
1403 1150 1461 1187 sin
1483 1162 1519 1194 15

138 1220 305 1260 3autem
320 1236 368 1258 —‚
409 1213 547 1251 erimus
585 1227 654 1251 nos
692 1213 757 1262 qui
793 1216 969 1251 solemus.
1031 1213 1148 1252 Curio
1185 1227 1335 1251 mecum
1371 1213 1462 1250 vixit

180 1276 300 1313 iacere
321 1278 521 1315 Caesarem
542 1284 678 1325 putans
699 1277 908 1314 offensione
934 1276 1105 1326 populari
1126 1276 1350 1325 Siciliaeque
1370 1277 1462 1314 diffi-

178 1340 273 1377 dens
294 1339 322 1376 si
345 1339 549 1388 Pompeius
569 1339 742 1388 navigare
763 1339 960 1388 coepisset.

231 1401 418 1449 Quintum
447 1415 605 1450 puerum
640 1402 769 1451 accepi
801 1404 1052 1440 vehementer.
1111 1402 1316 1440 Avaritiam
1349 1402 1462 1440 video

180 1464 291 1502 fuisse
321 1472 356 1502 et
385 1478 491 1513 spem
521 1465 646 1513 magni
675 1464 850 1513 congiari.
911 1468 1094 1514 Magnum
1119 1467 1193 1504 hoc
1222 1468 1364 1503 malum
1393 1473 1458 1510 est,
1483 1478 1520 1499 20

179 1530 245 1566 sed
283 1530 405 1565 scelus
443 1528 535 1566 illud
573 1530 677 1577 quod
716 1528 960 1566 timueramus
1005 1543 1114 1578 spero
1151 1531 1297 1566 nullum
1334 1529 1459 1566 fuisse.

181 1593 269 1629 Hoc
297 1600 424 1629 autem
449 1591 580 1628 vitium
611 1600 703 1641 puto
732 1600 768 1629 te
797 1592 1008 1629 existimare
1037 1606 1114 1630 non
1138 1606 1161 1628 a
1187 1600 1314 1630 nostra
1342 1592 1462 1629 indul-

178 1654 303 1702 gentia
322 1656 390 1692 sed
409 1668 431 1691 a
451 1662 582 1692 natura
602 1656 824 1703 profectum.
877 1656 1003 1702 Quem
1025 1663 1152 1692 tamen
1172 1668 1242 1692 nos
1262 1654 1462 1702 disciplina

178 1731 360 1766 regemus.
1316 1712 1319 1714 ¹

233 1782 291 1817 De
312 1780 446 1829 Oppiis
466 1781 707 1818 Veliensibus
735 1781 827 1830 quid
854 1784 999 1830 placeat
1026 1795 1113 1818 cum
1134 1780 1340 1818 Philotimo
1360 1780 1460 1817 vide·
1481 1791 1518 1822 25

180 1843 246 1880 bis.
293 1843 450 1893 Epirum
471 1851 637 1881 nostram
658 1844 876 1893 putabimus
897 1846 964 1882 sed
984 1844 1077 1882 alios
1093 1857 1222 1881 cursus
1238 1843 1461 1881 videbamur

180 1907 352 1944 habituri.

223 2035 336 2069 VIII
446 2038 512 2071 Scr.
530 2040 563 2069 in
583 2040 730 2070 Cumano
747 2041 873 2072 vz'Non.
894 2040 972 2071 Mai.
992 2052 1022 2072 a.
1043 2050 1095 2080 705
1112 2041 1197 2080 (49⁸-

583 2110 752 2140 CICERO
775 2110 941 2140 ATTICO
966 2110 1059 2140 SAL.

146 2186 163 2212 1
234 2176 282 2211 Et
302 2187 358 2211 res
385 2174 465 2223 ipsa
494 2176 674 2212 monebat
695 2183 731 2212 et
757 2183 796 2212 tu
824 2177 1043 2213 ostenderas
1070 2182 1106 2212 et
1126 2187 1196 2223 ego
1215 2173 1393 2211 videbam
1413 2174 1461 2210 de
1481 2186 1520 2216 30

180 2236 223 2274 iis
252 2239 363 2275 rebus
392 2251 485 2286 quas
513 2238 685 2287 intercipi
716 2239 969 2287 periculosum
998 2245 1097 2276 esset
1125 2239 1239 2275 finem
1268 2237 1364 2274 inter
1392 2249 1461 2273 nos

222 2349 240 2368 2
264 2338 457 2377 modestior]
481 2339 700 2368 admodestior
716 2333 779 2368 Zb:
812 2343 844 2368 et
865 2339 1046 2368 modestior
1064 2337 1240 2368 Gronovius
1368 2347 1385 2374 7
1409 2347 1461 2367 me

180 2381 252 2410 add.
270 2381 385 2410 Lamb.
518 2382 537 2409 8
561 2381 716 2419 oppidulo
732 2381 794 2410 secl.
818 2381 968 2410 Gmcvius
1096 2390 1135 2410 22
1159 2390 1176 2409 a
1194 2379 1269 2409 add.
1281 2379 1396 2409 Lamb.
