1590 2730
68 131 159 167 XII.

134 439 150 464 1

128 752 152 779 2

127 1761 150 1796 3

179 129 223 165 xl
529 131 583 167 M.
614 131 777 167 TVLLI
808 130 1103 169 CICERONIS

212 263 289 297 XL
481 264 550 297 Scr.
569 266 706 295 Asturae
720 266 765 296 vii
777 266 824 297 ld.
847 266 924 297 Mai.
944 277 973 297 a.
996 276 1053 305 709
1071 266 1150 306 (ῃ).

566 345 732 375 CICERO
762 346 937 376 ATTICO
965 345 1066 376 SAL.

222 427 355 475 Qualis
377 428 500 464 futura
529 426 575 463 sit
596 426 767 464 Caesaris
787 426 1013 475 vituperatio
1039 434 1169 464 contra
1196 427 1454 465 laudationem

170 504 294 528 meam
324 489 496 539 perspexi
525 503 570 527 ex
599 502 644 526 eo
664 489 760 526 libro
787 502 901 538 quem
924 490 1072 527 Hirtius
1100 491 1149 528 ad
1177 503 1238 528 me
1264 490 1388 537 misit3
1416 490 1454 527 in

168 566 245 602 quo
272 553 426 601 conligit
446 552 535 590 vitia
556 552 714 591 Catonis
741 553 809 590 sed
832 566 920 590 cum
948 552 1120 590 maximis
1147 553 1324 591 laudibus
1348 552 1452 591 meis.

171 619 306 666 Itaque
328 616 411 653 misi
432 616 568 653 librum
590 617 638 653 ad
661 617 837 652 Muscam
858 623 898 653 ut
919 616 992 652 tuis
1012 615 1170 653 librariis
1190 618 1306 654 daret.
1354 618 1455 654 Volo

170 679 271 718 enim
293 692 380 717 eum
401 678 608 727 divulgari:
636 679 741 727 quod
762 692 839 727 quo
860 678 1004 716 facilius
1026 680 1090 715 fiat
1110 678 1312 727 imperabis
1332 679 1416 716 tuis.

222 743 537 792 Συμβουλευτικὸν
568 755 681 790 saepe
718 755 845 779 conor.
905 741 1010 779 Nihil
1043 742 1188 790 reperio
1225 750 1261 779 et
1299 742 1455 791 quidem

169 820 320 844 mecum
358 807 482 843 habeo
520 812 557 843 et
586 804 861 853 Ἀριστοτέλους
890 807 934 842 ἐἰ
971 806 1188 853 Θεοπόμπου
1221 806 1336 843 libros
1368 807 1456 854 πρὸς

167 870 412 918 Ἀλέξανδρον.
471 869 546 906 Sed
575 867 668 916 quid
697 867 848 905 simile?
903 867 962 905 Illi
990 876 1026 905 et
1055 881 1152 916 quae
1179 867 1269 916 ipsis
1295 869 1455 907 honesta

168 940 294 971 essent
314 933 530 971 scribebant
550 938 587 969 et
606 938 709 980 grata
729 932 958 968 Alexandro,
1018 930 1168 979 Ecquid
1189 938 1229 968 tu
1249 930 1329 968 eius
1349 931 1454 969 modi

168 996 335 1045 reperis?
405 995 503 1033 Mihi
541 994 697 1043 quidem
736 993 830 1031 nihil
867 993 906 1031 in
948 1001 1116 1031 mentem
1154 993 1266 1031 venit.
1339 996 1455 1047 Quod

169 1060 300 1097 scribis
330 1067 366 1097 te
395 1058 511 1096 vereri
536 1071 583 1095 ne
613 1065 649 1095 et
677 1057 795 1107 gratia
817 1064 854 1095 et
879 1056 1083 1095 auctoritas
1111 1065 1240 1095 nostra
1266 1059 1339 1094 hoc
1369 1071 1455 1095 meo

170 1114 338 1160 maerore
358 1122 557 1167 minuatur,
581 1133 652 1169 ego
679 1120 772 1169 quid
797 1120 973 1158 homines
996 1127 1060 1157 aut
1087 1121 1365 1169 reprehendant
1391 1128 1455 1157 aut

169 1188 362 1235 postulent
382 1185 520 1223 nescio.
580 1186 640 1222 Ne
661 1186 842 1222 doleam?
897 1184 974 1231 Qui
994 1186 1148 1233 potest?
1203 1186 1263 1221 Ne
1282 1184 1456 1222 iaceam?

170 1248 266 1296 Quis
295 1262 476 1297 umquam
500 1248 653 1285 minus?
709 1249 812 1284 Dum
842 1255 906 1284 tua
935 1260 995 1284 me
1021 1249 1160 1284 domus
1189 1248 1348 1294 levabat,
1371 1247 1455 1296 quis

169 1325 190 1348 a
211 1325 271 1349 me
301 1313 502 1349 exclusus?
531 1311 615 1360 quis
644 1311 747 1348 venit
776 1310 840 1359 qui
870 1312 1108 1348 offenderet?
1162 1313 1340 1347 Asturam
1370 1324 1453 1347 sum

170 1388 192 1412 a
212 1383 248 1412 te
268 1376 468 1423 profectus.
528 1376 670 1423 Legere
697 1373 757 1411 isti
784 1373 871 1411 laeti
901 1373 964 1422 qui
987 1387 1047 1411 me
1074 1375 1357 1423 reprehendunt
1377 1381 1453 1411 tam

171 1440 289 1475 multa
309 1451 386 1475 non
407 1444 566 1486 possunt
587 1450 701 1485 quam
723 1449 793 1485 ego
814 1436 954 1485 scripsi.
1014 1437 1140 1483 Quam
1161 1438 1270 1483 bene,
1293 1436 1386 1473 nihil
1406 1438 1454 1473 ad

168 1514 256 1546 rem,
281 1502 347 1537 sed
368 1513 486 1548 genus
507 1499 697 1536 scribendi
723 1499 761 1536 id
781 1499 850 1536 fuit
877 1500 982 1547 quod
1008 1512 1123 1536 nemo
1148 1499 1299 1536 abiecto
1324 1499 1454 1536 animo

166 1564 289 1600 facere
310 1569 448 1611 posset.
508 1561 680 1609 Triginta
708 1561 789 1599 dies
819 1561 856 1598 in
886 1561 1003 1599 hortis
1033 1561 1096 1598 fui.
1155 1561 1251 1609 Quis
1277 1569 1342 1599 aut
1368 1575 1455 1599 con-

1475 564 1491 596 5

1476 885 1512 907 10

1477 1201 1510 1231 15

1475 1515 1512 1535 20

166 1638 335 1674 gressum
357 1638 485 1662 meum
505 1632 570 1661 aut
590 1624 808 1661 facilitatem
831 1624 1015 1661 sermonis
1037 1624 1293 1662 desideravit?
1341 1626 1455 1661 Nunc
1507 1638 1510 1640 ’

167 1688 293 1736 ipsum
327 1701 371 1725 ea
401 1689 495 1736 lego,
527 1701 572 1724 ea
600 1687 724 1724 scribo
753 1695 793 1724 ut
823 1687 847 1723 ii
876 1688 940 1736 qui
970 1701 1120 1725 mecum
1150 1695 1237 1725 sunt
1265 1687 1454 1725 difficilius

169 1747 447 1788 otiunrferant
485 1763 599 1798 quam
638 1763 709 1798 ego
746 1751 926 1787 laborem.
997 1750 1035 1788 Si
1073 1750 1157 1799 quis
1195 1750 1347 1799 requirit
1388 1763 1455 1787 cur

170 1815 318 1851 Romae
347 1827 425 1851 non
455 1813 548 1851 sim:
584 1813 673 1862 quia
701 1813 891 1850 discessus
920 1820 1000 1859 est3
1037 1826 1103 1850 cur
1131 1826 1209 1851 non
1242 1814 1313 1850 sim
1342 1813 1380 1850 in
1409 1813 1453 1850 iis

167 1876 260 1914 meis
280 1876 483 1925 praediolis
505 1890 602 1925 quae
624 1883 711 1913 sunt
732 1876 843 1913 huius
861 1875 1063 1924 temporis:
1094 1875 1182 1924 quia
1202 1876 1453 1924 frequentiam

166 1939 267 1976 illam
289 1953 366 1977 non
387 1940 496 1977 facile
523 1941 668 1977 ferrem.
729 1939 788 1976 Ibi
810 1952 892 1975 sum
921 1938 1031 1986 igitur
1056 1938 1121 1975 ubi
1142 1938 1172 1975 is
1199 1938 1263 1987 qui
1290 1939 1453 1988 optimas

168 2003 278 2040 Baias
312 2004 478 2040 habebat
510 2002 715 2051 quotannis
746 2003 820 2039 hoc
851 2008 1001 2049 tempus
1035 2014 1260 2039 consumere
1294 2002 1452 2040 solebat.

167 2067 267 2104 Cum
298 2068 463 2103 Romam
490 2078 640 2110 venero,
664 2078 734 2101 nec
761 2066 865 2100 vultu
890 2077 961 2101 nec
987 2064 1158 2101 oratione
1186 2065 1449 2112 reprehendar.

1473 1824 1512 1857 25

169 2129 410 2166 Hilaritatem
432 2128 534 2165 illam
556 2141 631 2176 qua
650 2128 748 2164 hanc
773 2126 960 2163 tristitiam
980 2133 1195 2176 temporum
1222 2127 1451 2164 condiebam
1470 2140 1510 2170 30

208 2239 228 2267 9
252 2229 351 2259 libros
368 2227 439 2268 πρὸς
456 2227 599 2258 Muecke:
624 2230 766 2257 TIBPOC
781 2225 840 2256 M:
863 2238 890 2256 τι
910 2224 979 2265 πρὸς
999 2225 1182 2266 Wesenbmg
1290 2237 1325 2265 17
1350 2228 1450 2257 offen-

167 2272 299 2300 deretur
314 2271 410 2302 Rom.
531 2280 568 2300 21
595 2270 700 2299 hortis
717 2267 775 2298 M:
799 2269 893 2298 horto
913 2268 944 2298 C.
964 2279 994 2299 v.
1011 2280 1032 2299 c.
1051 2264 1094 2298 Zb
1215 2279 1254 2307 25
1279 2270 1338 2299 sim
1363 2269 1394 2298 in
1411 2270 1451 2299 iis

167 2313 248 2343 meis
263 2313 391 2343 Baiter:
420 2322 533 2343 sumus
549 2312 582 2341 in
599 2313 646 2341 eis
668 2310 718 2340 Ml
739 2323 745 2340 :
776 2311 835 2340 sim
853 2311 885 2340 in
902 2311 953 2341 his
970 2311 1049 2341 meis
1065 2310 1121 2341 Μ2
1310 2321 1352 2350 3ο
1375 2321 1450 2342 con-

167 2356 295 2385 dic-bam
315 2362 402 2395 (corr.
422 2366 460 2386 ex
475 2355 723 2391 condiebamus)
742 2353 780 2382 M
