1590 2730
582 144 690 179 EPP.
721 144 797 179 AD
825 145 1075 182 ATTICVM
1396 149 1442 184 X.
1464 147 1509 183 iv

134 260 206 295 ego
235 247 337 285 enim
366 249 416 285 ad
446 261 533 285 eum
565 247 738 293 scribam,
760 256 801 285 ut
829 257 868 286 tu
898 250 979 298 ipse
1003 253 1118 297 voles,
1141 253 1189 289 de
1215 266 1258 289 ea
1283 267 1321 290 re
1345 267 1414 290 nos

133 310 231 348 inter
255 324 325 348 nos
351 312 509 348 locutos.
567 311 673 358 Quid
701 319 829 348 autem
856 312 954 350 illius
980 313 1143 359 interest,
1167 315 1348 363 quoniam
1376 315 1414 352 in

133 381 305 411 senatum
341 387 418 411 non
448 373 564 419 venis,
596 373 661 411 ubi
693 374 771 412 sis?
826 375 930 422 Quin
964 390 1066 414 nunc
1099 377 1224 426 ipsum
1258 378 1414 416 minime

132 436 355 474 offendisses
375 436 455 474 eius
481 449 645 482 causam,
668 436 698 474 si
724 437 762 473 in
784 438 894 475 Italia
919 452 997 476 non
1023 440 1179 477 fuisses.’
1234 442 1297 478 Ad
1317 454 1413 489 quae

94 512 112 543 5
131 512 202 547 ego
234 512 296 537 me
329 513 518 537 recessum
550 506 587 537 et
617 500 862 538 solitudinem
896 514 1086 549 quaerere,
1118 503 1280 540 maxime
1309 505 1414 552 quod

131 561 280 599 lictores
306 562 496 599 haberem.
557 563 742 599 Laudavit
769 563 980 601 consilium.
1043 565 1169 612 ‘Quid
1195 568 1333 614 e1·g0?'
1362 566 1415 603 in-

131 638 246 673 quam
261 639 270 671 3
303 628 412 662 ‘nam
433 625 525 662 mihi
542 638 672 663 cursus
692 625 730 662 in
748 626 947 664 Graeciam
968 640 1034 676 per
1055 634 1158 665 tuam
1179 629 1413 677 provinciam

129 694 196 732 est,
219 687 400 736 quoniam
419 689 469 725 ad
490 701 592 725 mare
613 701 791 736 superum
816 689 953 727 milites
980 692 1090 727 sunt.'
1147 694 1155 710 ‘
1170 691 1274 738 Quid
1301 692 1414 728 mihi’

129 749 252 798 inquit
286 750 525 799 ‘optatiusi”
582 753 672 788 Hoc
703 753 788 789 loco
822 754 941 789 multa
974 753 1254 801 perliberaliter.
1314 757 1414 803 Ergo

74 825 112 847 10
129 813 203 850 hoc
223 814 378 862 quidem
400 821 455 851 est
475 816 697 863 profectum,
722 823 761 852 ut
788 829 865 854 non
893 817 1010 854 modo
1039 824 1119 853 tuto
1143 831 1272 855 verum
1300 817 1411 855 etiam

128 877 252 925 palam
287 877 557 925 navigaremus.
617 878 781 926 Reliqua
814 878 851 915 in
887 887 1078 927 posterum
1112 880 1213 917 diem
1245 880 1467 928 distulit311

127 953 172 977 ex
192 940 330 988 quibus
351 940 512 978 scribam
532 942 581 978 ad
603 948 638 978 te
659 941 687 978 si
709 941 801 989 quid
823 941 890 978 erit
911 942 1071 990 epistula
1091 943 1259 991 dignum.
1317 946 1413 982 Sunt

126 1010 254 1040 autem
275 1016 372 1052 quae
393 1003 578 1052 praeterii,
594 1003 901 1053 interregnumne
921 1012 1019 1042 esset
1040 1013 1331 1053 exspectaturus,
1350 1021 1408 1053 an,

128 1080 205 1114 quo
233 1068 349 1104 modo
374 1066 507 1104 dixerit
528 1066 589 1104 ille
609 1066 779 1115 quidem,
798 1068 847 1105 ad
868 1080 907 1104 se
928 1067 1062 1105 deferri
1084 1070 1322 1106 consulatum
1344 1072 1410 1108 sed

71 1139 108 1171 15
127 1143 167 1167 se
187 1131 288 1167 nolle
308 1129 346 1166 in
366 1129 579 1178 proximum
605 1143 759 1166 annum.
819 1132 868 1167 Et
887 1130 959 1167 alia
979 1139 1066 1167 sunt
1087 1145 1183 1179 quae
1204 1132 1407 1180 exquiram.

129 1193 281 1230 Iurabat
304 1194 353 1230 ad
380 1206 579 1238 summam,
603 1194 707 1241 quod
737 1194 841 1230 nullo
870 1194 1024 1241 negotio
1054 1195 1175 1232 facere
1203 1197 1299 1241 solet,
1321 1196 1410 1233 ami-

125 1256 318 1294 cissimum
336 1256 428 1293 mihi
444 1258 645 1294 Caesarem
660 1270 742 1293 esse
757 1257 908 1294 debere.
966 1257 1070 1305 Quid
1084 1257 1185 1295 enim
1199 1271 1381 1307 umquam
1395 1260 1410 1296 ?

126 1320 301 1369 ‘Scripsit
321 1322 370 1358 ad
398 1333 458 1358 me
485 1320 708 1357 Dolabella.’
758 1320 853 1357 ‘Dic
875 1319 1015 1368 quid?’
1062 1321 1301 1359 Adfirmabat
1321 1335 1407 1359 eum

124 1383 325 1433 scripsisse,
351 1385 455 1432 quod
481 1397 542 1420 me
568 1381 723 1432 ‘cuperet
743 1384 791 1420 ad
812 1383 944 1420 urbem
966 1382 1103 1429 venire,
1126 1383 1231 1421 illum
1252 1384 1406 1433 quidem

67 1460 106 1482 20
122 1446 258 1495 gratias
277 1461 387 1496 agere
410 1446 593 1484 maximas
613 1454 649 1483 et
670 1460 747 1483 non
769 1447 886 1484 modo
912 1447 1071 1495 probare
1095 1448 1162 1484 sed
1186 1447 1297 1484 etiam
1322 1461 1407 1496 gau-

123 1510 220 1547 dere.
281 1510 385 1557 Quid
414 1509 594 1559 quaeris?
622 1509 805 1557 acquievi.
864 1511 1005 1546 Levata
1031 1517 1087 1547 est
1113 1510 1215 1547 enim
1242 1511 1407 1559 suspicio

121 1572 183 1609 illa
204 1573 404 1610 domestici
426 1573 514 1610 mali
535 1580 571 1610 et
592 1572 776 1609 sermonis
798 1572 974 1609 Hirtiani.
1020 1574 1146 1620 Quam
1168 1573 1281 1621 cupio
1302 1573 1406 1610 illum

121 1636 279 1684 dignum
306 1650 388 1674 esse
412 1636 523 1674 nobis
554 1643 591 1673 et
611 1649 726 1684 quarn
754 1635 834 1684 ipse
862 1648 922 1672 me
950 1635 1080 1681 invito,
1103 1640 1223 1684 ”tquae
1250 1650 1316 1685 pro
1343 1637 1407 1673 illo

121 1698 167 1735 sit
201 1699 472 1748 suspicandum
490 1703 523 1738 !†
581 1701 657 1737 Sed
686 1712 782 1747 opus
812 1698 890 1743 fuit,
922 1698 1049 1735 Hirtio
1079 1707 1280 1736 convento.
1338 1701 1406 1737 Est

65 1775 101 1806 25
121 1763 290 1810 profecto
317 1762 446 1800 nescio
473 1762 575 1811 quid,
598 1763 666 1800 sed
691 1761 803 1799 velim
831 1775 945 1810 quam
973 1761 1142 1799 minimo.
1200 1763 1248 1799 Et
1278 1769 1404 1799 tamen
1432 1770 1435 1775 '

121 1837 208 1862 eum
230 1826 403 1862 nondum
424 1825 565 1863 redisse
586 1825 775 1862 miramur.
834 1825 909 1862 Sed
931 1825 1024 1861 haec
1044 1824 1268 1862 videbimus.

162 1935 178 1963 7
203 1925 294 1965 nam]
313 1936 389 1955 num
407 1925 527 1956 Scln‘c'tz
658 1937 694 1964 14
719 1927 840 1956 dixerit
861 1926 1006 1955 Ernesti:
1040 1926 1131 1955 -erim
1157 1925 1219 1955 CM
1303 1927 1343 1956 ad
1368 1937 1404 1957 se

118 1967 261 1997 Ernesti:
286 1969 344 1998 sed
365 1968 430 1998 CM
560 1970 596 1997 16
619 1968 726 1999 facere
747 1969 829 1998 solet
848 1969 959 1998 Orelli:
984 1969 1106 1998 faceret
1124 1967 1164 1996 M
1289 1979 1325 2006 17
1350 1970 1404 1999 de-

119 2009 197 2039 bere
213 2010 276 2041 cod.
295 2010 574 2040 Helmstadtiensis
596 2010 746 2041 Vrsinus:
778 2012 875 2040 debet
892 2010 932 2039 M
1023 2021 1173 2048 umquam
1191 2010 1243 2039 M¹
1262 2022 1268 2040 :
1300 2011 1404 2050 inquit

117 2051 172 2081 M
189 2052 285 2083 Rom.
351 2053 455 2090 ‘Quid
473 2054 559 2082 enim
571 2052 578 2063 '
597 2053 702 2092 inquit
723 2054 871 2091 ‘scripsit
889 2054 928 2082 ad
947 2063 996 2082 me
1015 2051 1129 2083 D01.?'
1154 2053 1197 2081 ita
1213 2053 1406 2092 interpunxit

123 2092 260 2132 Tyrrell:
296 2095 402 2132 ‘Quid
428 2095 512 2124 enim
525 2097 534 2126 ἓ
547 2094 553 2106 ’
582 2096 686 2133 inquit
715 2096 864 2134 ‘scripsit
897 2096 936 2125 ad
970 2105 1020 2124 me
1057 2093 1140 2125 Dol.'
1168 2094 1296 2125 Baiter:
1323 2096 1402 2133 sort.

119 2138 126 2152 ‘
140 2136 225 2174 Quid
242 2137 328 2166 enim
340 2138 367 2167 2²
393 2138 533 2176 inquam.
569 2139 576 2153 ‘
590 2138 725 2176 Scripsit
742 2139 782 2167 ad
800 2147 850 2166 me
868 2136 950 2167 Dol.'
1043 2138 1078 2166 18
1105 2137 1164 2166 Dic
1181 2136 1285 2167 Hand
1301 2149 1307 2167 :
1331 2139 1403 2168 dico

117 2177 163 2208 M.
216 2179 331 2208 Totum
348 2180 451 2209 locum
469 2181 511 2209 ita
528 2180 683 2219 iugem’ose
699 2180 821 2218 refinxit
835 2180 919 2209 Koclz
935 2179 1109 2208 Caesarem
1126 2189 1209 2210 esse.
1260 2179 1402 2210 ‘Dubito

120 2220 177 2257 (ita
200 2221 327 2261 Lamb.)
361 2221 533 2259 equidem'
560 2223 699 2259 inquam.
748 2221 909 2259 ‘Scripsit
936 2222 975 2250 ad
1003 2232 1054 2250 me
1084 2221 1271 2252 Dolabella.'
1321 2222 1402 2252 ‘Dic

116 2263 193 2300 quid
205 2265 214 2294 3
227 2262 234 2275 '
366 2265 411 2300 18,
432 2274 468 2302 19
491 2274 566 2293 eum
582 2265 753 2301 scripsisse
773 2264 924 2294 Graevius
940 2275 946 2293 :
969 2273 1009 2293 eo
1027 2264 1113 2301 (curn
1129 2262 1197 2303 ΜΔ)
1215 2264 1401 2302 scripsisset

117 2303 158 2333 M
306 2315 347 2343 23
371 2306 469 2345 quae]
494 2307 535 2335 ad
551 2306 583 2335 id
600 2307 684 2343 quod
701 2305 823 2344 Kayser
969 2315 1008 2343 24
1033 2306 1099 2335 sint
1114 2306 1154 2335 ad
1171 2306 1401 2343 suspicandum

117 2346 170 2377 Fr.
190 2346 337 2377 Schmidt
422 2348 488 2378 Sed
506 2358 589 2386 opus
607 2348 664 2377 suit
684 2347 792 2377 Hirtio
809 2349 992 2378 convento?
1018 2348 1061 2377 ita
1078 2348 1307 2388 t'ntcrpzcngimt
1320 2349 1401 2386 edd„

119 2399 200 2418 num
217 2393 289 2419 reste
303 2390 409 2419 dubito
537 2399 577 2427 25
601 2389 767 2419 minimum
783 2389 898 2419 Lamb.
