1590 2730
102 156 149 193 X.
168 155 212 190 xi
524 154 577 189 M.
607 153 769 189 TVLLI
800 152 1096 191 CICERONIS

172 264 239 300 sed
269 262 407 310 quibus
440 261 478 298 in
508 261 614 299 malis
645 268 681 298 et
711 275 787 310 qua
815 261 855 298 in
884 260 1149 310 desperatione
1178 273 1302 298 rerum
1335 259 1453 298 simus

172 326 288 364 vides.

129 400 153 427 2
227 391 297 426 Illa
333 390 382 427 de
419 388 563 427 ratione
600 388 812 425 nummaria
845 401 922 425 non
957 394 1044 424 sunt
1074 387 1154 424 eius
1188 386 1293 424 modi
1324 386 1454 435 (saepe

171 453 273 491 enim
302 453 417 491 audio
446 467 490 491 ex
515 452 614 502 ipso)
643 460 684 490 ut
712 466 789 490 non
819 452 945 501 cupiat
971 451 1039 489 tibi
1068 458 1256 500 praestare
1281 458 1318 488 et
1343 450 1382 487 in
1408 463 1454 488 eo

170 517 325 553 laboret.
385 517 459 553 Sed
488 516 517 553 si
547 515 639 552 mihi
669 517 715 563 Q.
738 515 856 552 Axius
885 515 923 552 in
951 516 1023 551 hac
1052 527 1137 551 mea
1164 515 1252 563 fuga
1281 514 1349 551 Hs
1378 514 1456 549 ᾖ
1474 526 1490 556 5

172 592 249 616 non
270 579 393 617 reddit
414 592 510 627 quae
531 578 619 616 dedi
644 578 723 616 eius
748 578 825 616 filio
852 585 983 615 mutua
1010 585 1045 615 et
1073 577 1187 614 utitur
1213 575 1455 614 excusatione

172 643 363 690 temporis,
395 642 423 679 si
454 645 584 691 Lepta,
615 642 645 678 si
679 642 803 688 ceteri,
835 643 939 679 soleo
973 641 1097 677 mirari
1126 642 1175 678 de
1208 639 1337 677 nescio
1371 639 1455 688 quis

173 708 241 743 HS
259 707 320 742 fi
346 718 432 743 cum
459 706 574 743 audio
598 719 642 742 ex
668 705 732 742 illo
758 719 798 742 se
824 705 954 753 urgeri.
1012 704 1131 742 Vides
1158 703 1259 741 enim
1285 704 1456 752 profecto

171 768 372 817 angustias.
417 769 547 807 Curari
569 776 695 815 tamen
716 782 759 806 ea
779 768 847 805 tibi
868 768 998 816 utique
1018 767 1132 805 iubet.
1182 769 1244 804 An
1265 765 1454 804 existimas

172 832 277 868 illum
306 832 343 868 in
373 831 445 869 isto
473 846 608 881 genere
641 833 826 869 lentulum
857 839 921 868 aut
949 831 1189 868 restrictum?
1244 832 1371 868 Nemo
1399 836 1455 867 est
1476 844 1517 867 1c·

129 899 153 936 3
173 894 307 931 minus.
366 897 425 932 De
445 896 555 932 fratre
576 895 673 932 satis.
1013 890 1019 893 ⁴

226 960 285 995 De
312 957 391 995 eius
418 958 495 995 filio
522 958 678 996 indulsit
704 958 756 995 illi
783 957 938 1006 quidem
966 971 1055 995 suus
1084 964 1189 1006 pater
1216 970 1364 1005 semper
1389 957 1457 993 sed

171 1035 248 1058 non
270 1021 357 1058 facit
378 1021 612 1070 indulgentia
633 1023 857 1059 mendacem
879 1028 943 1058 aut
963 1034 1116 1058 avarum
1139 1028 1203 1056 aut
1230 1033 1308 1056 non
1331 1032 1457 1056 aman-

171 1091 246 1121 tem
268 1098 435 1131 suorum,
456 1086 621 1122 ferocem
642 1087 799 1123 fortasse
818 1092 933 1134 atque
952 1086 1199 1133 adrogantem
1220 1091 1257 1121 et
1277 1083 1456 1121 infes'tum

168 1147 266 1184 facit.
328 1149 463 1196 Itaque
483 1149 598 1185 habet
619 1149 712 1185 haec
733 1161 887 1197 quoque
911 1161 1008 1197 quae
1032 1154 1239 1184 nascuntur
1265 1160 1309 1184 ex
1336 1146 1457 1184 indul·
1479 1157 1515 1189 15

168 1210 303 1259 gentia,
341 1212 408 1248 sed
442 1224 486 1248 ea
523 1218 610 1248 sunt
644 1211 852 1248 tolerabilia
889 1211 999 1261 (quid
1037 1210 1139 1248 enim
1177 1209 1301 1247 dicam
1315 1209 1347 1260 ?)
1386 1210 1457 1246 hac

169 1272 365 1311 iuventute
380 1287 389 1319 3
418 1287 462 1311 ea
489 1287 588 1319 vero,
611 1287 708 1322 quae
735 1273 827 1310 mihi
851 1273 1007 1322 quidem
1034 1273 1099 1322 qui
1125 1273 1231 1310 illum
1258 1286 1346 1310 amo
1369 1280 1457 1310 sunt

169 1335 225 1372 his
250 1336 339 1384 ipsis
367 1337 474 1374 malis
501 1337 539 1374 in
566 1337 649 1385 quis
676 1350 807 1374 sumus
835 1337 1036 1383 miseriora,
1060 1350 1137 1374 non
1164 1344 1252 1374 sunt
1274 1337 1323 1374 ab
1351 1337 1458 1374 obse-

168 1399 259 1447 quio
280 1407 419 1437 nostro.
479 1401 579 1437 Nam
600 1413 685 1437 suas
706 1400 851 1438 radices
871 1401 1013 1438 habent
1028 1415 1037 1447 3
1067 1414 1160 1450 quas
1181 1408 1309 1438 tamen
1325 1402 1458 1438 evelle-

168 1475 246 1499 rem
280 1464 462 1511 profecto,
495 1463 525 1500 si
555 1464 692 1501 liceret.
751 1465 825 1501 Sed
856 1478 900 1501 ea
930 1472 1101 1513 tempora
1134 1472 1222 1502 sunt
1254 1472 1294 1503 ut
1328 1465 1457 1503 omnia
1476 1481 1515 1502 20

169 1524 263 1562 mihi
283 1525 356 1563 sint
376 1526 565 1575 patienda.
624 1529 706 1575 Ego
727 1541 854 1565 meum
871 1528 979 1566 facile
999 1537 1135 1576 tene03
1165 1529 1257 1566 nihil
1278 1538 1334 1567 est
1353 1529 1456 1566 enim

170 1602 216 1625 eo
254 1588 494 1627 tractabilius.
555 1590 703 1637 Quoius
742 1590 897 1640 quidem
932 1593 1189 1631 misericordia
1222 1592 1458 1642 languidiora

170 1653 297 1689 adhuc
323 1652 481 1690 consilia
506 1652 590 1702 cepi
617 1660 653 1690 et
682 1667 758 1702 quo
787 1654 848 1692 ille
878 1669 938 1693 me
967 1656 1165 1694 certiorem
1194 1658 1273 1693 vult
1302 1670 1383 1694 esse
1412 1670 1458 1694 eo

173 1714 291 1764 magis
312 1715 428 1753 timeo
448 1729 496 1753 ne
516 1715 554 1753 in
575 1729 662 1754 eum
683 1717 858 1755 exsistam
880 1720 1076 1757 crudelior.

129 1788 156 1825 4
226 1780 301 1816 Sed
335 1778 526 1816 Antonius
558 1779 661 1817 venit
694 1781 773 1818 heri
806 1782 960 1831 vesperi.
1020 1784 1102 1820 Iam
1131 1784 1288 1822 fortasse
1316 1784 1364 1821 ad
1395 1796 1455 1820 me
1475 1794 1512 1825 ²5

172 1841 297 1880 veniet
317 1850 381 1880 aut
401 1856 449 1880 ne
476 1842 514 1881 id
541 1843 707 1892 quidem,
732 1845 913 1894 quoniam
938 1845 1085 1895 scripsit
1109 1846 1201 1896 quid
1227 1846 1306 1884 fieri
1332 1848 1453 1884 vellet.

171 1907 247 1943 Sed
285 1904 379 1943 scies
417 1906 600 1944 continuo
635 1907 727 1956 quid
760 1916 887 1946 actum
921 1909 977 1946 sit.
1036 1911 1117 1948 Nos
1151 1909 1225 1947 iarn
1259 1909 1353 1947 nihil
1386 1909 1458 1946 nisi

170 1970 328 2006 occulte.

224 2033 283 2068 De
324 2031 448 2080 pueris
487 2031 579 2081 quid
617 2035 756 2082 agam?
800 2047 966 2083 parvone
1004 2034 1153 2084 navigio
1191 2035 1457 2074 committam?

171 2093 275 2140 Quid
314 2094 406 2130 mihi
444 2095 561 2132 animi
595 2094 633 2132 in
667 2096 881 2145 navigando
915 2111 1046 2135 censes
1084 2100 1191 2135 fore?
1260 2099 1457 2136 Recordor
1476 2110 1515 2139 30

212 2204 229 2231 5
253 2193 415 2233 ffilfot’t.
434 2194 494 2232 ἦ,
514 2195 550 2232 cs.
570 2205 616 2233 15.
631 2208 649 2233 4
812 2207 848 2226 12
874 2198 924 2227 De
940 2198 1011 2228 eius
1031 2198 1117 2238 vulg.
1137 2210 1143 2228 :
1168 2198 1249 2228 levis
1265 2199 1298 2228 in
1316 2197 1372 2228 M:
1406 2199 1456 2228 De

170 2236 240 2265 eius
256 2237 355 2266 infido
373 2237 563 2267 Lelmnum:
592 2238 640 2267 De
657 2239 729 2268 eius
746 2239 863 2269 iuvene
881 2239 1000 2269 Mt‘illrr
1104 2251 1144 2270 20
1167 2245 1315 2280 tempora
1330 2246 1405 2271 sunt
1421 2245 1456 2271 ut

174 2276 218 2306 W
231 2279 314 2308 Crat.
329 2277 370 2307 Z¹'
389 2290 395 2308 :
419 2290 479 2309 om.
501 2284 552 2309 ΣΔ
682 2291 720 2311 21
746 2282 812 2311 sint
830 2282 914 2312 Crat.
932 2277 978 2311 ΖΙ)
994 2294 1000 2312 :
1024 2287 1100 2312 sunt
1118 2282 1158 2311 M
