1590 2730
508 136 616 171 EPP.
648 136 723 171 AD
752 136 1003 174 ATTICVM
1288 137 1404 173 XIII.
1422 135 1497 171 xix

167 240 416 289 Ligarianam,
447 249 487 279 ut
516 242 638 287 video,
670 244 859 290 praeclare
887 243 1090 280 auctoritas
1120 250 1184 280 tua
1213 252 1445 280 commen-2

114 303 226 341 davit.
284 303 439 353 Scripsit
468 304 569 342 enirn
598 306 647 342 ad
676 318 737 342 me
764 306 907 343 Balbus
936 314 973 343 et
1001 306 1151 355 Oppius
1180 305 1336 343 mirifice
1365 319 1404 343 se

115 367 274 415 probare
294 367 346 404 ob
365 380 526 415 eamque
547 380 699 404 causam
722 369 771 406 ad
793 370 995 406 Caesarem
1017 382 1101 406 eam
1128 381 1167 406 se
1193 368 1405 405 oratiuncu-

115 431 191 466 lam
211 429 365 467 misisse.
425 432 515 467 Hoc
535 430 645 478 igitur
664 430 766 468 idern
787 438 826 467 tu
847 431 940 468 mihi
960 438 1072 468 antea
1091 431 1302 480 scripseras.

79 504 96 534 5
169 493 215 529 In
231 494 401 530 Varrone
426 492 497 530 ista
520 506 632 531 causa
661 507 722 531 me
751 507 827 531 non
858 502 1026 532 moveret
1051 508 1100 531 ne
1119 494 1265 532 viderer
1284 495 1404 542 φιλέν-
1422 504 1446 540 3

116 557 217 601 δοξος
247 556 317 606 (sic
349 557 451 594 enim
489 557 759 595 constitueram
799 558 991 596 neminem
1030 558 1225 596 includere
1258 558 1296 594 in
1329 558 1405 596 dia-

116 621 222 668 logos
250 633 382 657 eorum
402 620 467 669 qui
486 620 697 672 viverent);
734 623 802 659 sed
829 621 918 670 quia
942 623 1068 659 scribis
1093 629 1130 659 et
1156 620 1358 659 desiderari
1383 634 1406 658 a

117 684 287 721 Varrone
317 690 353 720 et
387 684 512 733 magni
541 684 647 721 illum
680 685 889 731 aestimare,
920 698 985 722 eos
1019 684 1167 722 confeci
1196 692 1232 721 et
1261 683 1405 721 absolvi

118 745 247 783 nescio
275 759 390 794 quarn
420 747 527 793 bene,
557 749 624 785 sed
652 747 704 785 ita
730 756 904 785 accurate
933 756 973 784 ut
1002 747 1095 784 nibil
1124 754 1252 796 posset
1282 760 1404 796 supra,

66 822 100 842 10
118 809 390 846 Academicam
420 823 575 848 omnem
605 811 868 860 quaestionem
899 811 1002 848 libris
1031 818 1218 860 quattuor.
1277 811 1323 847 In
1352 809 1406 847 eis

118 885 216 921 quae
249 880 353 910 erant
382 881 514 911 contra
546 877 796 924 ἀκαταληψίαν
827 877 1017 924 praeclare
1050 876 1224 912 conlecta
1255 874 1304 911 ab
1331 875 1407 910 An-

118 934 259 981 tiocho,
282 937 441 974 Varroni
462 938 561 975 dedi.
619 940 682 976 Ad
706 952 750 976 ea
776 938 856 988 ipse
882 938 1097 987 respondeo
1111 952 1120 984 3
1158 945 1198 974 tu
1219 950 1258 974 es
1279 936 1409 974 tertius

119 998 156 1035 in
178 1011 352 1037 sermone
382 1008 520 1038 nostro.
579 1001 617 1039 Si
638 1003 792 1040 Cottam
813 1009 850 1039 et
869 1004 1081 1039 Varronem
1102 1000 1284 1038 'fecissem
1314 999 1410 1036 inter

120 1075 159 1100 se
193 1062 431 1111 disputantis,
463 1070 507 1101 ut
535 1078 557 1102 a
589 1073 626 1102 te
656 1065 835 1114 proximis
866 1065 997 1102 litteris
1027 1065 1249 1110 admoneor,
1280 1076 1409 1101 meum

64 1143 99 1175 15
121 1127 242 1173 κωφὸν
268 1128 463 1175 πρόσωπον
491 1136 598 1166 esset.
658 1130 747 1166 Hoc
780 1128 819 1165 in
851 1128 1017 1177 antiquis
1048 1127 1219 1176 personis
1249 1126 1410 1164 suaviter
1428 1136 1454 1172 4

121 1190 171 1235 fit,
194 1197 235 1227 ut
261 1198 297 1228 et
320 1191 546 1229 Heraclides
572 1191 609 1228 in
640 1191 767 1229 multis
796 1199 832 1229 et
862 1205 931 1229 nos
951 1192 990 1228 in
1011 1203 1050 1227 V1
1074 1192 1144 1228 ‘de
1169 1204 1208 1228 re
1233 1189 1387 1239 publica
1402 1191 1410 1206 '

121 1252 223 1291 libris
257 1254 425 1292 fecimus.
485 1257 580 1292 Sunt
614 1255 726 1292 etiam
758 1256 830 1292 ‘de
863 1256 1033 1292 oratore'
1066 1253 1182 1292 nostri
1214 1261 1287 1291 tres
1317 1252 1410 1290 mihi

121 1317 365 1354 vehementer
392 1318 550 1366 probati.
611 1320 655 1355 In
683 1318 736 1355 eis
762 1331 916 1367 quoque
945 1330 1012 1355 eae
1041 1329 1226 1365 personae
1254 1324 1341 1353 sunt
1370 1323 1411 1353 ut

122 1379 214 1416 mihi
251 1382 456 1418 tacendum
494 1382 613 1419 fuerit.
671 1383 830 1420 Crassus
861 1381 961 1418 enim
996 1380 1173 1429 loquitur,
1204 1379 1408 1425 Antonius,

64 1459 103 1480 20
123 1444 281 1481 Catulus
328 1457 452 1491 seneX‚
489 1446 531 1483 C.
567 1445 686 1482 Iulius
726 1446 837 1482 frater
870 1444 1006 1489 Catuli,
1043 1445 1168 1488 Cotta,
1209 1442 1408 1491 Sulpicius.

122 1508 246 1544 Puero
267 1521 326 1545 me
347 1508 408 1545 hic
429 1522 552 1546 sermo
572 1509 774 1555 inducitur,
798 1516 838 1545 ut
858 1510 984 1545 nullae
1008 1520 1090 1544 esse
1110 1514 1266 1555 possent
1286 1513 1410 1554 partes

122 1583 238 1607 meae.
297 1573 407 1619 Quae
443 1579 571 1610 autem
606 1573 663 1610 his
693 1572 929 1620 temporibus
967 1571 1097 1619 scripsi
1125 1570 1412 1619 Ἀριστοτέλειον

122 1647 267 1671 morem
305 1635 449 1672 habent
482 1635 519 1672 in
553 1650 630 1684 quo
660 1636 711 1673 ita
749 1649 872 1673 sermo
903 1634 1095 1672 inducitur
1125 1641 1336 1672 ceterorum
1370 1640 1411 1671 ut

122 1709 239 1745 penes
278 1697 401 1746 ipsum
435 1698 481 1735 sit
519 1699 760 1748 principatus.
820 1700 879 1736 Ita
912 1698 1059 1735 confeci
1093 1697 1262 1746 quinque
1295 1697 1411 1735 libros

63 1775 100 1808 25
122 1761 204 1808 περὶ
239 1764 351 1799 τελῶν
388 1769 427 1798 ut
467 1762 654 1810 Epicurea
692 1764 732 1799 L.
768 1763 976 1810 Torquato,
1012 1761 1140 1799 Stoica
1171 1763 1224 1798 M.
1259 1760 1408 1807 Catoni,

121 1827 377 1873 περιπατητικὰ
406 1827 459 1862 Μ.
492 1825 620 1863 Pisoni
649 1827 789 1863 darem.
847 1826 1142 1873 Ἀζηλοτύπητον
1169 1824 1208 1862 id
1237 1826 1316 1861 fore
1346 1837 1410 1872 pu-

122 1895 240 1926 taram
261 1890 366 1937 quod
390 1902 523 1927 omnes
549 1889 601 1926 illi
627 1891 878 1927 decesserant.
938 1891 1049 1926 Haec
1072 1888 1349 1933 ‘Academica‚⁷
1369 1894 1410 1924 ut
1428 1896 1452 1934 5

122 1950 204 1997 scis,
228 1964 315 1988 cum
337 1953 485 1998 Catulo,
509 1953 680 1999 Lucullo,
708 1952 917 1989 Hortensio
943 1953 1190 1990 contuleram.
1248 1953 1347 1988 Sane
1372 1950 1410 1987 in

123 2028 302 2063 personas
335 2028 413 2053 non
444 2017 633 2053 cadebant
651 2030 659 2062 3
701 2023 805 2053 erant
839 2015 941 2053 enim
974 2016 1193 2067 λογικώτερα
1223 2027 1338 2063 quam
1371 2022 1411 2051 ut

166 2126 184 2144 2
208 2120 240 2145 et
267 2116 394 2154 Oppius
415 2115 509 2146 Victa
537 2127 600 2146 om.
624 2122 655 2146 ct
684 2117 741 2146 M:
767 2117 896 2155 Oppius
919 2117 984 2146 secl.
1006 2116 1125 2155 Tyrrell
1250 2116 1270 2144 6
1293 2114 1410 2144 consti-

124 2163 248 2188 tueram
265 2158 368 2188 Pius:
392 2160 629 2189 constituebam
649 2158 687 2187 M
814 2170 830 2196 7
855 2159 969 2189 scribis
985 2158 1058 2188 add.
1078 2161 1147 2187 vett.
1267 2168 1287 2195 9
1311 2157 1412 2195 possit

124 2200 248 2238 Kayser
370 2211 405 2238 14
430 2205 465 2230 ut
491 2201 564 2232 add.
593 2205 660 2231 velt.
793 2203 831 2231 16
855 2202 885 2230 in
914 2201 986 2231 add.
1015 2200 1134 2230 Srliz’itz
1266 2200 1412 2237 ITSunt

126 2242 177 2271 M3
191 2254 198 2272 ι
221 2242 263 2272 sit
279 2242 327 2271 M
350 2254 356 2272 :
372 2244 417 2273 sic
434 2243 486 2272 M2
632 2254 668 2282 19
692 2248 765 2273 (mle
779 2244 947 2273 Antonius
963 2243 1036 2273 add.
1053 2242 1213 2273 Scaevola
1235 2241 1261 2270 Π
1269 2242 1416 2280 'escnbwg

126 2293 166 2321 23
191 2285 234 2314 ita
250 2294 358 2314 sermo
375 2289 398 2316 Σ
415 2285 497 2316 Crat.
515 2297 520 2314 :
546 2296 653 2316 sermo
670 2287 715 2315 ita
732 2291 758 2315 Δ
897 2296 937 2324 29
959 2284 1198 2324 φιλολογώτερα
1214 2284 1296 2313 Rez'd
1380 2289 1414 2313 ut

128 2325 173 2355 illi
190 2327 231 2356 de
249 2327 301 2357 his
317 2327 499 2357 somniasse
514 2327 559 2358 C:
584 2328 617 2357 in
635 2328 704 2358 utili
722 2328 837 2358 demus
855 2328 964 2357 omnia
980 2332 1012 2357 et
1029 2326 1070 2355 M
