1690 2710
121 115 204 150 XV.
220 114 265 150 iv
612 117 667 153 M.
696 116 860 154 TVLLI
890 117 1186 155 CICERONIS

249 223 373 269 crede,
412 222 630 272 puerilibus.
698 223 836 261 Excisa
875 223 977 261 enim
1020 232 1076 262 est
1114 225 1235 271 arbor,
1274 238 1352 262 non
1394 227 1531 266 evulsa.

252 286 388 333 Itaque
417 299 532 333 quam
561 285 756 323 fruticetur
783 286 899 324 vides.
958 289 1177 325 Redeamus
1206 287 1326 336 igitur,
1352 289 1533 337 quoniam

250 361 364 396 saepe
392 361 561 396 usurpaS,
584 350 633 386 ad
653 350 891 387 Tusculanas
919 350 1208 399 disputationes.
1266 351 1459 389 Saufeium
1485 354 1534 390 de

250 418 287 448 te
317 412 508 457 celemus3
545 424 616 460 ego
646 425 857 460 numquam
890 412 1082 451 indicabo.
1140 414 1256 460 Quod
1287 421 1324 451 te
1359 427 1382 451 a
1416 416 1534 452 Bruto

250 473 392 520 scribis,
415 481 455 510 ut
483 473 619 511 certior
645 475 749 511 fieret
769 488 846 523 quo
872 475 934 512 die
959 475 998 512 in
1018 477 1279 512 Tusculanum
1306 489 1428 513 essem
1448 490 1534 514 ven·
1553 491 1570 521 5

250 545 369 582 turus,
388 544 428 573 ut
453 538 503 574 ad
528 544 565 574 te
590 545 678 574 ante
705 537 849 586 scripsi,
864 550 902 574 vl
930 540 1029 585 Kal„
1052 546 1088 575 et
1108 538 1264 587 quidem
1291 538 1342 575 ibi
1363 546 1399 576 te
1419 552 1533 587 quam

250 599 414 648 primum
434 590 500 648 per
516 600 643 637 videre
663 600 788 638 velim.
845 602 943 638 Puto
963 601 1065 638 enim
1086 601 1196 638 nobis
1213 601 1427 638 Lanuvium
1447 615 1535 639 eun-

250 663 343 700 dum
364 670 400 699 et
421 662 575 711 quidem
597 676 675 700 non
695 663 775 700 sine
796 665 916 701 multo
936 677 1122 701 sermone.
1178 665 1253 702 Sed
1272 666 1435 713 μελήσει.

208 732 232 768 3
304 727 439 763 Redeo
464 727 513 763 ad
542 726 784 774 superiorem.
843 728 899 763 Ex
928 740 1002 775 qua
1030 734 1224 775 praetereo
1252 727 1314 764 illa
1340 727 1460 776 prima
1486 728 1534 764 de

251 788 483 835 Buthrotiis;
512 802 609 837 quae
629 791 638 807 ζ
657 789 749 826 mihi
775 796 862 826 sunt
886 789 1031 826 inclusa
1057 790 1256 835 medullis‚'
1277 790 1323 827 sit
1344 791 1470 837 modo,
1493 797 1533 827 ut
1556 804 1593 825 10

249 851 391 897 scribis,
414 853 519 888 locus
545 852 694 900 agendi.
752 854 811 889 De
835 852 1005 890 oratione
1027 853 1132 889 Bruti
1156 867 1306 901 prorsus
1333 854 1533 891 contendis

249 928 367 964 quom
387 915 522 952 iterum
541 922 618 952 tam
640 916 767 952 multis
786 916 910 953 verbis
929 916 1020 964 agis.
1068 918 1201 964 Egone
1221 924 1261 953 ut
1277 930 1361 954 eam
1382 930 1534 954 causam

249 991 364 1027 quam
391 978 420 1015 is
447 978 622 1026 scripsit?
654 991 724 1026 ego
750 978 911 1016 scribam
941 992 1019 1015 non
1046 987 1196 1027 rogatus
1225 979 1274 1016 ab
1300 981 1374 1016 eo?
1421 981 1535 1016 Nulla

248 1042 525 1092 παρεγχείρησις
570 1041 648 1078 fieri
695 1048 819 1089 potest
866 1042 1189 1079 contumeliosior.
1267 1044 1362 1078 ‘At’
1409 1042 1534 1090 inquis

253 1104 541 1153 ιἩροικλείδειον
576 1104 756 1152 aliquod.'
821 1105 911 1141 Non
953 1118 1086 1142 recuso
1123 1105 1162 1142 id
1195 1106 1364 1154 quidem,
1394 1107 1461 1143 sed
1499 1112 1536 1143 et
1560 1119 1591 1148 15

252 1169 563 1216 componendum
589 1174 854 1216 argumentum
881 1175 936 1204 est
960 1175 996 1204 et
1022 1167 1212 1205 scribendi
1238 1170 1535 1217 exspectandum

252 1238 402 1279 tempus
439 1231 630 1267 maturius.
693 1230 801 1266 Licet
838 1229 939 1266 enim
973 1231 1020 1268 de
1059 1244 1119 1267 me
1152 1238 1192 1267 ut
1225 1231 1317 1268 libet
1347 1231 1535 1268 existimes

254 1293 383 1344 (velim
409 1293 565 1342 quidem
592 1306 706 1341 quam
736 1292 906 1342 optime),
929 1292 959 1329 si
983 1294 1076 1330 haec
1100 1293 1151 1330 ita
1176 1301 1332 1330 manant
1352 1301 1392 1330 ut
1411 1293 1537 1331 viden-

254 1364 314 1393 tur
344 1357 455 1406 (feres
486 1358 590 1405 quod
621 1356 773 1405 dicam),
806 1369 866 1393 me
902 1357 994 1393 Idus
1029 1356 1189 1393 Martiae
1222 1370 1300 1394 non
1333 1358 1534 1394 delectant.

256 1421 326 1457 Ille
351 1420 453 1456 enim
484 1433 693 1468 numquam
725 1418 946 1464 revertisset,
969 1432 1038 1456 nos
1068 1419 1179 1456 timor
1207 1421 1430 1456 confirmare
1456 1419 1536 1456 eius
1558 1435 1595 1455 20

254 1490 338 1520 acta
374 1495 451 1519 non
489 1482 684 1531 coegisset,
714 1489 793 1528 aut,
818 1489 859 1518 ut
892 1481 930 1518 in
968 1482 1094 1519 Saufei
1132 1496 1215 1519 eam
1249 1482 1537 1530 relinquamque

254 1548 288 1583 T
292 1548 490 1583 usculanas
517 1545 792 1594 disputationes
818 1547 867 1582 ad
893 1559 986 1593 quas
1013 1553 1053 1582 tu
1077 1546 1190 1582 etiam
1210 1545 1429 1582 Vestorium
1455 1547 1538 1582 hor-

253 1610 351 1654 taris,
377 1609 429 1647 ita
446 1608 598 1658 gratiosi
618 1622 766 1645 eramus
787 1610 890 1657 apud
910 1608 1015 1645 illum
1038 1609 1168 1657 (quem
1188 1608 1227 1645 di
1247 1616 1439 1645 mortuum
1458 1622 1538 1657 per-

254 1672 364 1709 duint
380 1672 403 1721 1)
437 1679 478 1709 ut
506 1679 656 1709 nostrae
683 1672 807 1718 aetati,
830 1672 1012 1720 quoniam
1033 1671 1231 1709 interfecto
1252 1672 1410 1708 domino
1431 1671 1538 1708 liberi

256 1748 334 1772 non
354 1748 494 1780 sumus,
510 1748 588 1771 non
608 1735 718 1772 fuerit
733 1734 912 1772 dominus
932 1735 995 1772 ille
1014 1735 1225 1786 fugiendus
1280 1735 1429 1780 Rubeo,
1445 1734 1538 1771 mihi
1559 1749 1595 1780 25

255 1799 379 1844 crede,
401 1799 468 1835 sed
488 1798 563 1834 iam
583 1798 827 1846 scripseram3
855 1800 982 1835 delere
1000 1798 1116 1835 nolui.

212 1872 239 1910 4
311 1863 371 1898 De
405 1862 638 1898 Menedemo
674 1863 811 1899 vellem
843 1875 973 1898 verum
1010 1861 1152 1907 fuisset,
1183 1862 1232 1899 de
1269 1861 1397 1909 regina
1425 1860 1537 1897 velim

294 1972 323 1999 3,
343 1973 361 2000 4
387 1963 428 1991 de
444 1966 475 1991 te
492 1962 638 2001 Popma:
672 1968 748 2000 pete
765 1962 803 1992 M
819 1974 825 1992 z
852 1963 892 1991 de
911 1973 945 1991 re
962 1962 1076 1993 Lamh.
1093 1974 1099 1994 :
1126 1967 1202 2001 peto
1222 1961 1406 1992 Corradus:
1430 1971 1490 1999 per
1506 1965 1537 1990 te

252 2004 370 2034 Rosius
510 2015 527 2041 4
552 2009 583 2033 te
608 2003 640 2043 a]
668 2006 707 2034 de
736 2004 888 2034 Graevius
1053 2008 1127 2044 post
1154 2004 1257 2034 Bruto
1283 2003 1356 2033 add.
1389 2009 1537 2041 rogatum

258 2045 459 2085 IVesenbctg:
494 2048 600 2084 rogari
626 2047 698 2076 add.
728 2048 784 2076 alii
909 2056 927 2085 5
965 2048 999 2078 in
1014 2047 1235 2076 Tusculanum
1256 2056 1363 2075 essem
1379 2050 1537 2074 venturus

253 2088 332 2118 Ant.
352 2089 384 2117 F
394 2089 565 2126 ctforlasse
580 2088 618 2121 Z,
636 2090 672 2127 (s.
695 2089 762 2118 Cal.
780 2089 860 2118 Μαί.
880 2092 893 2125 ξ
914 2099 948 2126 71
969 2089 1026 2118 uhi
1044 2089 1105 2118 cod.
1123 2088 1217 2118 Harl.
1238 2089 1319 2116 2682
1335 2087 1391 2116 dat
1410 2087 1536 2116 futurus

249 2135 306 2169 pro
322 2131 400 2169 vulg
411 2135 450 2159 11¹0
465 2136 620 2160 venturus
636 2143 642 2161 ε
667 2132 699 2160 in
716 2131 934 2160 Tusculanum
952 2141 1060 2160 essem
1077 2131 1204 2159 futurus
1221 2129 1276 2159 M:
1302 2131 1334 2159 in
1352 2128 1537 2158 Tusculano

255 2183 361 2202 essem
387 2173 514 2202 futurus
538 2173 649 2202 Baiter
779 2184 816 2202 10
851 2173 946 2202 ‘mihi
965 2196 971 2202 .
989 2196 995 2203 .
1017 2197 1023 2203 .
1045 2172 1213 2202 medullis'
1230 2183 1268 2201 ex
1289 2175 1380 2211 pocla
1406 2174 1537 2209 sumpla

254 2224 316 2243 csse
337 2218 431 2253 putat
458 2214 577 2252 Tyrrcll
707 2224 743 2252 15
767 2215 888 2252 aliquid
909 2214 1096 2253 Wesenbmg
1231 2215 1267 2243 18
1292 2217 1425 2243 manent
1452 2213 1536 2243 Crat.

254 2267 296 2286 20
325 2260 397 2287 ante
428 2267 605 2294 numquam
637 2256 708 2287 add.
744 2262 799 2286 aut
819 2256 948 2286 ..Scln'ilz
1043 2267 1079 2285 21
1109 2259 1180 2295 poss
1211 2256 1320 2286 Saufei
1353 2254 1536 2284 addendum

254 2299 370 2336 αἵρεσιν
382 2303 477 2338 putat
491 2299 608 2329 Rosius
619 2299 667 2330 vel
680 2300 781 2329 simile
796 2299 876 2338 quid
949 2299 1196 2337 relinquamque
1212 2299 1331 2328 Rosius
1347 2308 1354 2327 :
1378 2297 1536 2335 reliquam

253 2352 316 2378 que
334 2341 371 2370 M
