1590 2730
99 151 145 187 X.

168 161 197 186 x
529 151 581 188 M.
613 152 775 189 TVLLI
805 151 1101 191 CICERONIS

167 259 252 306 mei,
279 259 497 298 meminisse
524 260 723 308 amicitiae,
754 261 933 311 potuisse,
965 262 995 299 si
1022 261 1129 300 aliter
1157 262 1345 309 sentirem,
1373 275 1456 301 esse

166 336 254 360 cum
282 324 477 373 Pompeio,
500 338 560 362 me
589 333 727 371 autem,
754 325 842 374 quia
871 339 958 363 cum
987 326 1181 363 lictoribus
1209 326 1349 363 invitus
1377 339 1458 364 eur-

168 399 298 432 sarem,
321 388 454 425 abesse
474 390 569 425 velle
589 401 659 425 nec
679 388 718 425 id
738 388 862 437 ipsum
883 396 1027 427 certum
1047 389 1160 427 etiam
1180 401 1283 426 nunc
1302 389 1453 436 habere,

168 449 254 488 Vide
275 463 388 498 quam
409 453 457 488 ad
477 452 571 489 haec
590 456 863 500 παραινετικῶςῑ

224 515 371 550 ‘Tuum
392 514 592 552 consilium
613 529 727 564 quam
747 529 876 553 verum
897 523 963 553 est.
1020 517 1120 553 Nam
1141 515 1205 564 qui
1226 529 1265 553 se
1285 516 1455 553 medium

169 589 250 614 esse
273 578 352 613 vult
371 577 409 613 in
431 577 548 626 patria
575 586 712 624 manet,
735 579 800 627 qui
824 579 1072 628 proficiscitur
1097 579 1240 628 aliquid
1264 580 1312 616 de
1340 581 1457 616 altera

168 647 250 676 utra
278 647 381 688 parte
411 640 576 678 iudicare
599 641 756 679 videtur.
815 643 890 679 Sed
919 655 988 690 ego
1017 641 1046 679 is
1076 655 1153 679 non
1183 655 1265 679 sum
1293 641 1358 690 qui
1387 650 1457 679 sta-

168 708 283 740 tuere'
310 703 471 740 debeam
509 704 588 741 iure
619 704 702 752 quis
739 704 998 753 proficiscatur
1030 718 1178 751 necne3
1218 705 1332 753 partis
1363 705 1456 741 mihi

169 767 308 804 Caesar
337 767 403 803 has
433 766 611 815 imposuit
641 781 689 804 ne
716 781 831 816 quem
862 767 1020 804 omnino
1049 768 1244 805 discedere
1273 782 1318 806 ex
1348 768 1457 805 Italia

168 837 323 878 paterer.
373 830 460 876 Qua
479 843 517 866 re
538 830 639 878 parvi
660 832 769 867 refert
790 844 850 868 me
870 831 1029 879 probare
1050 831 1318 879 cogitationem
1339 837 1452 876 tuam,

169 892 198 929 si
219 892 311 928 nihil
332 899 460 928 tamen
486 892 553 929 tibi
583 893 771 930 remittere
794 906 960 941 possum.
1018 895 1080 930 Ad
1102 895 1303 931 Caesarem
1330 893 1456 930 mittas

169 968 307 993 censeo
328 962 364 992 et
383 956 431 992 ab
452 968 497 992 eo
517 957 590 993 hoc
616 964 731 1004 petas.
791 958 881 993 Non
910 956 1045 993 dubito
1072 957 1167 1008 quini
1192 958 1456 1005 impetraturus

170 1018 228 1063 sis,
252 1031 338 1055 cum
360 1018 577 1067 praesertim
597 1026 633 1056 te
653 1019 839 1056 amicitiae
860 1027 1009 1057 nostrae
1035 1020 1219 1057 rationem
1240 1019 1456 1057 habiturum

171 1095 252 1119 esse
273 1081 505 1130 pollicearis.'

130 1155 155 1192 3
226 1146 359 1182 Habes
379 1147 563 1194 σκυτάλην
581 1147 796 1194 Λακωνικήν.
852 1146 1023 1184 Omnino
1043 1147 1226 1195 excipiam
1248 1147 1453 1184 hominem.

172 1210 261 1245 Erat
289 1217 415 1246 autem
438 1221 461 1245 v
482 1211 613 1247 Nonas
642 1217 821 1247 venturus
844 1209 999 1258 vesperi,
1030 1210 1069 1247 id
1097 1218 1153 1247 est:
1182 1210 1306 1247 hodie.
1366 1212 1457 1248 Cras

168 1272 279 1320 igitur
309 1274 357 1309 ad
388 1286 448 1310 me
482 1274 637 1310 fortasse
668 1273 802 1310 veniet.
859 1275 894 1309 T
897 1274 1087 1322 emptabo,
1124 1274 1332 1311 †audeam†
1364 1273 1457 1310 nihil

169 1349 392 1385 properare3
439 1336 639 1373 missurum
681 1338 729 1373 ad
768 1337 980 1375 Caesarem.
1058 1338 1166 1374 Clam
1210 1350 1330 1386 agam,
1370 1350 1458 1374 cum

170 1399 406 1449 paucissimis
434 1400 573 1437 alicubi
602 1401 831 1446 occultabor‚
854 1400 994 1439 †carti†
1014 1399 1102 1437 hinc
1122 1399 1200 1436 istis
1227 1399 1458 1437 invitissimis

171 1463 342 1508 evolabo,
367 1470 481 1511 atque
510 1463 654 1500 utinam
683 1464 732 1500 ad
762 1462 994 1501 Curionem!
1054 1464 1180 1502 ίΣύιιες
1213 1464 1231 1499 ὅ
1258 1480 1312 1500 τοι
1341 1465 1458 1514 λέγω]

173 1527 337 1574 Magnus
358 1527 466 1563 dolor
485 1526 653 1563 accessit.
711 1525 904 1563 Efficietur
923 1525 1066 1574 aliquid
1087 1526 1243 1574 dignum
1265 1527 1386 1564 nobis.

226 1591 409 1638 Δυσουρία
435 1596 499 1626 tua
525 1589 616 1625 mihi
643 1590 753 1626 valde
783 1590 951 1626 molesta.
1011 1590 1169 1626 Medere
1198 1590 1335 1627 amabo
1365 1591 1457 1627 dum

130 1660 229 1698 4est
267 1654 368 1702 ἀρχή.
445 1654 505 1690 De
544 1652 847 1689 Massiliensibus
883 1659 1009 1700 gratae
1047 1659 1133 1689 tuae
1172 1652 1263 1689 mihi
1301 1653 1455 1690 litterae.

174 1718 328 1764 Quaeso
362 1723 402 1753 ut
440 1715 555 1753 sciam
594 1715 776 1764 quicquid
814 1715 990 1752 audieris.
1057 1716 1228 1753 Ocellam
1266 1729 1456 1764 cuperem,

172 1780 201 1816 si
235 1793 387 1828 possem
421 1781 556 1828 palam,
592 1780 697 1827 quod
734 1792 756 1816 a
794 1778 961 1816 Curione
995 1779 1202 1815 effeceram.
1276 1779 1354 1815 Hic
1387 1792 1457 1828 ego

172 1843 342 1880 Servium
376 1850 579 1891 exspect03
620 1855 730 1891 rogor
763 1841 864 1878 enim
897 1842 945 1878 ab
980 1841 1060 1878 eius
1094 1854 1208 1878 uxore
1241 1849 1278 1878 et
1311 1841 1387 1879 filio
1421 1849 1457 1879 et

213 1956 231 1982 4
256 1943 471 1983 παραινετικῶς
490 1942 607 1973 Lamb.
625 1942 740 1972 Schelle
761 1942 898 1980 Tyrrell:
931 1945 1191 1971 HAPHNIKQCK
1208 1941 1263 1971 M:
1291 1943 1458 1981 παρηνικῶς

171 1981 213 2016 Zl
228 1998 234 2016 :
254 1985 434 2025 τυραννικῶς
449 1985 536 2016 Victa
556 1985 732 2023 παροινικῶς
743 1984 857 2015 Lamb.
872 1994 908 2013 ex
920 1984 1018 2014 altem
1031 1985 1202 2013 coniectura
1216 1997 1221 2014 z
1240 1985 1458 2024 παροξυντικῶς

171 2029 256 2059 Reid
389 2037 407 2066 5
431 2039 525 2067 quam
543 2027 596 2056 M²
611 2039 618 2058 ε
649 2028 724 2065 quia
748 2026 798 2055 Ml
887 2026 1072 2065 Nam]sorl.
1092 2027 1149 2055 sed
1166 2031 1276 2056 tamen
1421 2037 1455 2065 17

171 2070 326 2109 audeam]
354 2076 388 2100 ut
413 2071 442 2100 ei
469 2071 684 2108 persuadeam
713 2079 764 2099 me
788 2069 862 2100 coni.
885 2068 1066 2107 Wesenheig
1091 2068 1165 2098 duce
1188 2068 1352 2098 Sclnmioz
1383 2079 1455 2107 per-

172 2115 311 2143 suadere
336 2123 385 2143 me
409 2113 571 2143 Schmidt:
605 2112 733 2142 audiam
760 2110 866 2141 Moser
1003 2112 1039 2141 18
1063 2111 1144 2141 clam
1170 2121 1264 2149 agam
1289 2110 1454 2142 Schmidt:

172 2156 348 2186 clamabam
372 2155 430 2184 M:
469 2156 550 2184 clam
573 2155 625 2184 ibo
666 2154 712 2183 vel
734 2154 841 2187 abibo‘)
867 2153 958 2183 Man.
1126 2163 1162 2191 19
1185 2154 1264 2183 carti
1281 2153 1335 2184 M:
1368 2158 1457 2183 certe

172 2198 267 2228 Rom.
284 2198 322 2227 I:
345 2198 407 2227 cati
425 2197 469 2226 Z:
495 2202 588 2226 caute
606 2197 680 2226 coni.
700 2196 838 2226 Olt'vetzts
854 2207 859 2225 :
886 2196 994 2224 furtim
1011 2195 1085 2225 com'.
1101 2194 1219 2224 Miiller
1301 2205 1343 2225 20
1366 2195 1457 2226 Σύνες

172 2240 188 2269 ὅ
216 2252 262 2269 τοι
289 2240 374 2277 λέγω
400 2239 488 2268 Cobet
514 2248 537 2277 χ·
554 2239 624 2269 Var.
650 2238 742 2269 Lecl.'
770 2240 831 2276 476
861 2237 905 2267 ed.
934 2239 969 2275 2)
1001 2238 1064 2267 coll.
1093 2237 1176 2268 Plat.
1207 2237 1338 2267 Menon.
1366 2240 1452 2276 761).

171 2281 305 2312 Phaedr.
325 2284 386 2318 236
403 2291 423 2310 D
438 2292 445 2312 ε
476 2281 561 2311 σύνες
578 2281 605 2319 ὅ,
622 2293 651 2310 τι
671 2280 756 2319 λέγω
774 2280 856 2310 Crat.
871 2292 877 2310 :
906 2282 1223 2309 ΟΙΝΕΟΩΤΘΙΛΕΤΩ
1240 2280 1297 2310 M:
1325 2279 1381 2310 σὺν
1398 2281 1456 2318 θεῷ

170 2336 217 2353 τοι
235 2323 319 2362 λέγω
334 2324 420 2363 vulg.
507 2333 541 2353 21
564 2323 705 2361 Magnus
719 2323 813 2352 dolor
828 2323 967 2352 accessit
984 2325 1183 2360 transponere
1198 2322 1265 2351 vult
1279 2322 1459 2361 Wrsenhcrg

172 2370 244 2396 ante
259 2366 413 2405 Δυσουρία
520 2376 558 2403 24
579 2370 650 2404 post
665 2375 817 2404 cuperem
835 2365 907 2395 add.
927 2365 1047 2394 habere
1069 2364 1251 2403 PVesenberg
1264 2364 1331 2394 coll.
1352 2374 1396 2404 ¹7·
1413 2374 1433 2402 3

1474 526 1490 556 5
1546 555 1549 557 Α

1480 846 1515 867 10

1478 1160 1513 1191 15

1479 1476 1516 1496 20
