1590 2730
54 133 145 169 XII.
166 133 225 174 xii
529 135 581 170 M.
613 134 775 169 TVLLI
807 134 1104 171 CICERONIS

175 240 323 286 iniuste,
357 241 491 279 Cusini
517 248 554 278 et
584 242 763 279 Treboni.
823 244 921 279 Puto
954 242 1105 280 tertium
1134 256 1216 281 esse
1244 243 1455 289 dominum,

177 304 357 342 Rebilum
392 304 505 341 fuisse
539 311 642 342 certo
680 304 771 342 scio.
827 305 892 342 Sin
930 313 1057 343 autem
1096 305 1164 343 tibi
1197 308 1459 344 Tusculanum

176 369 308 416 placet,
333 375 372 404 ut
393 367 610 416 significasti
631 367 862 416 quibusdam
882 368 1022 415 litteris,
1042 369 1110 407 tibi
1129 369 1328 407 adsentiar.
1370 372 1460 407 Hoc

176 430 332 479 quidem
362 429 492 478 utique
520 430 702 478 perficies,
724 430 754 467 si
784 444 845 467 me
873 431 986 468 levari
1012 431 1076 477 vis,
1099 445 1214 480 quem
1243 431 1317 469 iam
1346 431 1460 468 etiam

175 493 321 542 gravius
354 506 510 531 accusas
541 507 655 542 quam
694 493 833 542 patitur
871 501 936 531 tua
975 496 1225 540 consuetudo,
1265 496 1332 533 sed
1369 494 1496 535 faciSS

176 570 328 594 summo
355 570 484 594 amore
513 564 549 593 et
569 556 689 593 victus
717 558 874 595 fortasse
894 557 985 595 vitio
1015 571 1111 596 meo.
1170 559 1246 596 Sed
1275 565 1401 596 tamen
1431 557 1461 594 si

177 634 237 657 me
265 619 379 657 levari
407 620 473 666 vis,
505 621 598 657 haec
627 628 683 657 est
712 634 862 658 summa
889 620 1026 658 levatio
1055 623 1124 667 vel,
1153 621 1184 659 si
1207 634 1338 659 verum
1367 619 1461 658 scire

176 683 241 730 vis,
264 697 348 721 una.

131 757 157 794 4
230 747 332 784 Hirti
363 747 563 796 epistulam
597 747 625 784 si
657 747 800 796 legeris,
836 761 934 796 quae
965 748 1058 785 mihi
1091 747 1199 797 quasi
1235 749 1462 797 πρόπλασμα

176 810 324 848 videtur
343 810 423 848 eius
446 810 731 859 vituperationis
758 824 874 859 quam
895 812 1034 849 Caesar
1060 811 1208 859 scripsit
1230 812 1279 849 de
1300 812 1457 858 Catone,
1480 829 1519 851 10

175 873 290 911 facies
311 887 371 911 me
392 873 485 922 quid
505 873 574 911 tibi
593 873 716 911 visum
736 874 793 919 sit,
816 873 846 910 si
867 874 936 911 tibi
955 874 1024 911 erit
1050 875 1310 920 commodum,
1332 875 1462 912 certio-

175 950 264 973 rem.
324 938 459 974 Redeo
487 937 536 974 ad
565 938 706 973 fanum.
765 936 849 974 Nisi
878 938 949 974 hac
977 944 1120 974 aestate
1148 937 1366 974 absolutum
1393 937 1462 975 erit

175 1013 290 1048 quam
321 999 426 1037 vides
463 999 647 1049 integram
685 1007 834 1046 restare,
874 1001 1014 1037 scelere
1052 1013 1113 1037 me
1151 999 1350 1037 liberatum
1384 1013 1461 1038 non

176 1063 330 1112 putabo.

216 1204 342 1238 XLII
484 1207 552 1239 Ser.
572 1207 714 1238 Asturae
729 1208 767 1239 vi.
787 1207 836 1239 Id.
852 1208 932 1239 Mai.
950 1218 980 1239 a.
999 1217 1056 1248 709
1075 1208 1154 1248 (45).
1481 1219 1517 1250 15

571 1294 733 1325 CICERO
762 1293 937 1324 ATTICO
966 1294 1067 1324 SAL.

140 1390 157 1416 1
229 1382 387 1418 Nullum
411 1394 433 1418 a
457 1389 494 1418 te
522 1380 733 1419 desideravi
762 1381 864 1418 diem
895 1381 1125 1427 litterarum3
1155 1380 1331 1418 videbam
1358 1381 1459 1418 enim

175 1457 274 1493 quae
303 1444 445 1490 scribis,
477 1452 513 1482 et
543 1452 670 1481 tamen
699 1444 919 1493 suspicabar
947 1446 1005 1481 vel
1036 1444 1162 1493 potius
1193 1443 1459 1493 intellegebam

175 1507 268 1544 nihil
288 1507 403 1546 fuisse
423 1509 528 1557 quod
555 1508 762 1554 scribere53
789 1521 820 1545 a.
844 1509 879 1545 d.
904 1520 942 1544 vi
972 1509 1065 1545 Idus
1085 1521 1173 1545 vero
1200 1516 1236 1546 et
1264 1509 1398 1546 abesse
1424 1516 1460 1546 te

175 1572 357 1620 putabam
378 1579 414 1609 et
440 1573 552 1620 plane
572 1571 750 1609 videbam
776 1571 869 1607 nihil
890 1578 927 1608 te
946 1571 1096 1608 habere.
1155 1573 1238 1620 Ego
1263 1579 1392 1609 tamen
1410 1572 1460 1609 ad
1482 1586 1518 1608 20

175 1642 212 1672 te
245 1636 320 1672 fere
353 1635 494 1672 cotidie
525 1634 672 1672 mittam
690 1648 697 1680 3
737 1636 838 1671 malo
869 1634 971 1672 enim
1005 1635 1139 1672 frustra
1169 1648 1285 1683 quam
1316 1642 1352 1672 te
1381 1648 1460 1672 non

175 1699 314 1735 habere
352 1698 412 1735 cui
450 1699 528 1744 des,
568 1698 598 1735 si
636 1697 730 1746 quid
767 1699 862 1735 forte
900 1696 946 1735 sit
984 1699 1089 1746 quod
1126 1706 1235 1747 putes
1269 1712 1329 1736 me
1367 1698 1461 1736 scire

174 1769 358 1811 oportere.
418 1763 553 1810 Itaque
573 1761 704 1820 accepi
725 1773 762 1797 VI
786 1762 879 1799 Idus
899 1761 1040 1798 litteras
1060 1768 1143 1798 tuas
1164 1761 1296 1798 inanis.
1355 1761 1460 1809 Quid

174 1825 277 1863 enim
308 1826 476 1863 habebas
505 1825 610 1873 quod
639 1825 850 1863 scriberes?
906 1825 963 1861 Mi
992 1833 1119 1862 tamen
1150 1824 1243 1862 illud
1276 1824 1460 1874 quicquid

175 1899 252 1928 erat
273 1904 350 1927 non
372 1892 575 1928 molestum
596 1890 675 1936 fuit,
694 1895 738 1926 ul
754 1889 848 1927 nihil
868 1889 981 1936 aliud,
1000 1888 1094 1927 scire
1121 1902 1182 1926 me
1202 1889 1290 1927 novi
1310 1896 1346 1926 te
1366 1888 1460 1926 nihil
1481 1904 1515 1935 25

175 1955 323 1991 habere.

228 2017 416 2066 Scripsisti
437 2025 565 2055 tamen
590 2017 719 2055 nescio
741 2017 833 2066 quid
861 2018 908 2054 de
930 2016 1076 2054 Clodia.
1134 2015 1210 2053 Vbi
1235 2029 1322 2064 ergo
1342 2029 1386 2053 ea
1406 2022 1462 2052 est

177 2088 240 2117 aut
271 2082 427 2129 quando
460 2083 645 2118 ventura?
701 2082 829 2117 Placet
867 2079 959 2116 mihi
996 2093 1053 2117 res
1092 2079 1144 2116 sic
1175 2087 1215 2116 ut
1249 2080 1460 2116 secundum

136 2152 161 2179 2
180 2145 374 2182 Othonem
406 2144 499 2181 nihil
528 2143 654 2192 magis.
713 2145 788 2180 Sed
817 2156 942 2191 neque
973 2143 1072 2179 hanc
1100 2142 1338 2179 vendituram
1367 2148 1461 2190 puto

223 2256 233 2275 1
263 2246 393 2276 tertium
414 2240 471 2276 Zl:
503 2246 679 2276 terentium
705 2244 744 2273 M
872 2255 889 2273 2
913 2248 1002 2273 certo
1018 2246 1085 2274 vell.
1104 2254 1110 2273 :
1138 2247 1227 2273 certe
1246 2242 1286 2272 M
1426 2252 1458 2272 11

178 2299 227 2318 mc
246 2288 292 2318 C:
318 2299 379 2318 om.
400 2288 440 2317 M
564 2297 604 2326 25
628 2296 662 2317 ut
678 2287 751 2317 add.
768 2285 905 2316 Mic‘ller:
938 2287 965 2315 si
985 2285 1057 2316 add.
1078 2284 1212 2324 Madvig
1278 2284 1358 2314 nihil
1375 2284 1461 2314 aliud

176 2332 261 2361 scire
282 2341 344 2366 me,
360 2329 465 2371 (nisi)
483 2330 556 2359 novi
583 2330 761 2360 Gronovius
924 2338 962 2366 27
989 2327 1157 2366 scripsisti
1175 2327 1265 2358 Man.
1284 2338 1290 2357 :
1323 2326 1461 2365 Scripsti

177 2373 252 2402 coni.
274 2372 402 2402 Basta-2
427 2373 542 2411 scripsi
560 2371 600 2401 M
