1790 2730
603 114 712 150 EPP.
742 114 819 150 AD
847 114 1102 151 ATTICVM
1383 117 1490 153 XIV.
1509 115 1599 152 xxii

207 221 310 268 enim
340 221 479 271 plane),
512 221 648 259 timent
679 220 825 272 otium3
864 221 1037 277 va-fflww
1065 229 1193 259 autem
1224 224 1323 259 hanc
1352 224 1495 259 habent
1543 196 1705 287 ‘das‘

207 298 369 334 eamque
408 298 497 334 prae
539 298 579 322 se
622 285 754 329 ferunt,
794 284 1043 321 clarissimum
1080 298 1203 322 vnum
1241 285 1492 332 interfectum,

208 355 327 386 totam
353 362 431 386 rem
458 347 650 397 publicam
676 347 776 384 illius
805 347 957 385 interitu
985 349 1254 397 perturbatam,
1280 349 1389 386 inrita
1415 351 1495 387 fore
1519 337 1745 379 M

207 425 305 460 quae
328 412 390 449 ille
412 411 549 460 egisset
579 411 690 447 simul
715 424 760 448 ac
788 411 1056 448 desisteremus
1080 411 1223 458 timere,
1251 412 1493 449 clementiam
1542 381 1731 446 Q

69 464 129 518 ,αὖ
170 488 186 517 5
207 474 260 511 illi
288 476 388 511 malo
417 474 541 520 fuisse,
564 488 640 522 qua
663 473 693 511 si
717 487 807 511 usus
827 487 906 511 non
930 482 1038 520 esset,
1061 474 1155 511 nihil
1175 475 1209 512 ei
1229 477 1302 512 tale
1321 475 1494 513 accidere

126 533 134 538 ¹
206 537 386 586 potuisse.
445 536 543 573 Mihi
570 544 698 574 autem
718 537 822 574 venit
847 536 886 573 in
915 545 1094 583 mentem,
1117 537 1147 574 si
1174 538 1380 586 Pompeius
1405 552 1493 575 cum
1511 548 1536 574 2

206 600 370 637 exercitu
399 601 507 637 firmo
533 600 659 637 veniat
661 577 802 649 ζ’ἧυοᾶ
828 608 885 638 est
913 603 1073 651 εὔλογον,
1102 608 1202 638 certe
1230 603 1310 639 fore
1338 599 1492 639 bellum.
1504 582 1691 628 'tat‘

38 642 193 684 Q
208 665 318 700 Haec
338 676 399 700 me
401 650 567 716 ”species
596 662 852 714 cogitatioque
878 664 1081 712 perturbat.
1140 665 1277 713 Neque
1296 665 1396 702 enim
1419 665 1494 702 iam
1530 636 1758 708 guam*-

126 715 167 749 7
208 728 312 775 quod
332 725 400 764 tibi
420 733 501 763 turn
521 725 627 763 licuit
646 726 758 764 nobis
775 740 881 764 nunc
900 727 1040 764 licebit.
1099 728 1200 764 Nam
1219 736 1347 776 aperte
1367 727 1494 765 laetati

151 804 189 826 10
208 803 348 827 sumus.
408 789 560 826 Deinde
579 790 723 826 habent
748 789 786 826 in
816 804 880 827 ore
909 804 978 828 nos
1005 790 1180 839 ingratos.
1239 792 1357 828 Nullo
1376 793 1526 832 modo

206 852 335 890 licebit
354 853 460 901 quod
480 859 561 889 tum
585 860 621 889 et
640 852 709 889 tibi
729 852 834 890 licuit
859 860 896 890 et
923 854 1060 891 multis.
1087 843 1545 905 r<1>acv07rgo<rm⁷r32re¹0vk
1504 827 1778 933 Lm*

206 929 294 965 ergo
325 924 361 954 et
392 917 482 962 ῖῑ-έρν
508 916 547 953 in
576 918 724 953 castra?
780 916 934 954 Miliens
968 917 1063 955 mori
1096 915 1361 963 melius,⁴*huic
1394 932 1498 967 prae-
1504 902 1789 990 ww

10 944 334 1056 Qffsertim
366 979 489 1017 aetati.
561 981 696 1028 Itaque
729 993 790 1017 me
822 981 914 1017 Idus
949 981 1110 1018 Martiae
1143 994 1221 1018 non
1252 988 1329 1018 tam
1362 995 1497 1020 conso-

8 1040 124 1099 7⁴2²·
206 1043 330 1079 lantur
362 1056 476 1091 quam
509 1050 631 1080 antea
703 1044 889 1092 Magnum
927 1043 1030 1081 enim
1067 1045 1251 1094 mendum
1283 1045 1492 1083 continent.
1528 1036 1732 1101 Q

9 1098 10 1109 ¹
150 1106 327 1199 ἱΙΕῐ5ἰ)
309 1105 390 1143 illi
381 1120 536 1144 luvenes

411 1172 540 1209 ἄλλοις
568 1173 604 1208 ἐν
633 1170 779 1209 ἐσθλοῖς
805 1170 898 1208 τόνδ’
925 1172 1150 1209 ἀπωθοῦνται
1176 1173 1300 1223 Βρόχον.

207 1233 282 1270 Sed
311 1232 341 1269 si
370 1239 410 1269 tu
439 1233 573 1270 melius
602 1233 799 1282 quidpiam
829 1247 965 1282 speras,
989 1236 1093 1283 quod
1122 1242 1159 1273 et
1187 1237 1294 1284 plura
1320 1235 1430 1273 audis
1459 1243 1496 1273 et

207 1294 344 1332 interes
381 1295 557 1341 consiliis,
598 1295 739 1333 scribas
782 1298 831 1333 ad
875 1310 936 1334 me
973 1297 1086 1334 velim
1123 1298 1313 1346 simulque
1353 1299 1496 1347 cogites

207 1358 299 1407 quid
326 1360 516 1407 agendum
542 1359 654 1396 nobis
683 1359 729 1396 sit
756 1372 868 1408 super
895 1360 1083 1409 legatione
1109 1360 1244 1398 votiva.
1304 1362 1495 1410 Equidem

149 1436 187 1457 20
207 1421 245 1458 in
274 1421 331 1458 his
360 1421 453 1458 locis
481 1435 641 1459 moneor
667 1435 690 1458 a
718 1422 845 1459 multis
875 1436 923 1460 ne
951 1423 990 1459 in
1014 1432 1147 1460 senatu
1178 1424 1373 1461 Kalendis.
1433 1425 1497 1462 Di-

209 1492 345 1522 cuntur
381 1485 482 1522 enim
520 1487 669 1522 occulte
707 1485 844 1523 milites
877 1487 926 1523 ad
960 1500 1043 1524 eam
1077 1487 1179 1524 diem
1217 1487 1425 1536 comparari
1458 1495 1495 1526 et

209 1547 365 1596 quidem
395 1547 433 1584 in
462 1547 553 1585 istos
582 1548 648 1597 qui
677 1548 770 1585 mihi
798 1549 975 1586 videntur
1008 1549 1130 1587 ubivis
1163 1550 1279 1587 tutius
1307 1564 1423 1599 quam
1456 1551 1495 1589 in

210 1618 342 1648 senatu
362 1613 452 1648 fore.

253 1721 272 1740 2
296 1712 398 1741 virum
420 1711 493 1742 add.
519 1712 632 1743 Orelli:
657 1717 730 1743 ante
741 1713 956 1745 clarissimum
974 1713 1045 1744 add.
1064 1714 1160 1744 Rom.
1176 1713 1197 1743 I
1368 1725 1387 1753 4
1412 1716 1496 1745 desi-

211 1758 373 1784 steremus
395 1755 560 1784 Faernus:
585 1755 782 1785 desistemus
796 1755 837 1784 M
961 1758 980 1785 6
1004 1756 1164 1794 potuisset
1181 1756 1233 1786 M²
1365 1767 1400 1796 15
1426 1757 1496 1788 Etsi

211 1795 255 1825 illi
272 1794 324 1825 M²
341 1807 347 1826 :
371 1801 404 1826 et
421 1796 503 1827 Sulli
529 1796 580 1827 M¹
597 1809 603 1828 z
628 1798 690 1828 nisi
709 1798 754 1827 illi
773 1798 805 1828 C.
826 1799 862 1829 F.
883 1798 1054 1828 Hermann
